@article{DBLP:journals/corr/HuvalWTKSPARMCM15,
  author    = {Brody Huval and
               Tao Wang and
               Sameep Tandon and
               Jeff Kiske and
               Will Song and
               Joel Pazhayampallil and
               Mykhaylo Andriluka and
               Pranav Rajpurkar and
               Toki Migimatsu and
               Royce Cheng{-}Yue and
               Fernando Mujica and
               Adam Coates and
               Andrew Y. Ng},
  title     = {An Empirical Evaluation of Deep Learning on Highway Driving},
  journal   = {CoRR},
  volume    = {abs/1504.01716},
  year      = {2015},
  url       = {http://arxiv.org/abs/1504.01716},
  timestamp = {Sat, 02 May 2015 01:00:00 +0200},
  biburl    = {http://dblp.uni-trier.de/rec/bib/journals/corr/HuvalWTKSPARMCM15},
  bibsource = {dblp computer science bibliography, http://dblp.org}
}

@article{DBLP:journals/corr/RajpurkarMKCTWN15,
  author    = {Pranav Rajpurkar and
               Toki Migimatsu and
               Jeff Kiske and
               Royce Cheng{-}Yue and
               Sameep Tandon and
               Tao Wang and
               Andrew Y. Ng},
  title     = {Driverseat: Crowdstrapping Learning Tasks for Autonomous Driving},
  journal   = {CoRR},
  volume    = {abs/1512.01872},
  year      = {2015},
  url       = {http://arxiv.org/abs/1512.01872},
  timestamp = {Sat, 02 Jan 2016 00:00:00 +0100},
  biburl    = {http://dblp.uni-trier.de/rec/bib/journals/corr/RajpurkarMKCTWN15},
  bibsource = {dblp computer science bibliography, http://dblp.org}
}

@article{DBLP:journals/corr/AmodeiABCCCCCCD15,
  author    = {Dario Amodei and
               Rishita Anubhai and
               Eric Battenberg and
               Carl Case and
               Jared Casper and
               Bryan C. Catanzaro and
               Jingdong Chen and
               Mike Chrzanowski and
               Adam Coates and
               Greg Diamos and
               Erich Elsen and
               Jesse Engel and
               Linxi Fan and
               Christopher Fougner and
               Tony Han and
               Awni Y. Hannun and
               Billy Jun and
               Patrick LeGresley and
               Libby Lin and
               Sharan Narang and
               Andrew Y. Ng and
               Sherjil Ozair and
               Ryan Prenger and
               Jonathan Raiman and
               Sanjeev Satheesh and
               David Seetapun and
               Shubho Sengupta and
               Yi Wang and
               Zhiqian Wang and
               Chong Wang and
               Bo Xiao and
               Dani Yogatama and
               Jun Zhan and
               Zhenyao Zhu},
  title     = {Deep Speech 2: End-to-End Speech Recognition in English and Mandarin},
  journal   = {CoRR},
  volume    = {abs/1512.02595},
  year      = {2015},
  url       = {http://arxiv.org/abs/1512.02595},
  timestamp = {Sat, 02 Jan 2016 00:00:00 +0100},
  biburl    = {http://dblp.uni-trier.de/rec/bib/journals/corr/AmodeiABCCCCCCD15},
  bibsource = {dblp computer science bibliography, http://dblp.org}
}

@article{DBLP:journals/ijrr/QuigleySNS14,
  author    = {Morgan Quigley and
               Curt Salisbury and
               Andrew Y. Ng and
               J. Kenneth Salisbury},
  title     = {Mechatronic design of an integrated robotic hand},
  journal   = {I. J. Robotic Res.},
  volume    = {33},
  number    = {5},
  pages     = {706--720},
  year      = {2014},
  url       = {http://dx.doi.org/10.1177/0278364913515032},
  doi       = {10.1177/0278364913515032},
  timestamp = {Thu, 15 May 2014 01:00:00 +0200},
  biburl    = {http://dblp.uni-trier.de/rec/bib/journals/ijrr/QuigleySNS14},
  bibsource = {dblp computer science bibliography, http://dblp.org}
}

@article{DBLP:journals/tacl/SocherKLMN14,
  author    = {Richard Socher and
               Andrej Karpathy and
               Quoc V. Le and
               Christopher D. Manning and
               Andrew Y. Ng},
  title     = {Grounded Compositional Semantics for Finding and Describing Images
               with Sentences},
  journal   = {{TACL}},
  volume    = {2},
  pages     = {207--218},
  year      = {2014},
  url       = {https://tacl2013.cs.columbia.edu/ojs/index.php/tacl/article/view/325},
  timestamp = {Thu, 28 May 2015 01:00:00 +0200},
  biburl    = {http://dblp.uni-trier.de/rec/bib/journals/tacl/SocherKLMN14},
  bibsource = {dblp computer science bibliography, http://dblp.org}
}

@article{DBLP:journals/corr/MaasHLQJN14,
  author    = {Andrew L. Maas and
               Awni Y. Hannun and
               Christopher T. Lengerich and
               Peng Qi and
               Daniel Jurafsky and
               Andrew Y. Ng},
  title     = {Increasing Deep Neural Network Acoustic Model Size for Large Vocabulary
               Continuous Speech Recognition},
  journal   = {CoRR},
  volume    = {abs/1406.7806},
  year      = {2014},
  url       = {http://arxiv.org/abs/1406.7806},
  timestamp = {Tue, 01 Jul 2014 01:00:00 +0200},
  biburl    = {http://dblp.uni-trier.de/rec/bib/journals/corr/MaasHLQJN14},
  bibsource = {dblp computer science bibliography, http://dblp.org}
}

@article{DBLP:journals/corr/MaasHJN14,
  author    = {Andrew L. Maas and
               Awni Y. Hannun and
               Daniel Jurafsky and
               Andrew Y. Ng},
  title     = {First-Pass Large Vocabulary Continuous Speech Recognition using Bi-Directional
               Recurrent DNNs},
  journal   = {CoRR},
  volume    = {abs/1408.2873},
  year      = {2014},
  url       = {http://arxiv.org/abs/1408.2873},
  timestamp = {Fri, 12 Sep 2014 01:00:00 +0200},
  biburl    = {http://dblp.uni-trier.de/rec/bib/journals/corr/MaasHJN14},
  bibsource = {dblp computer science bibliography, http://dblp.org}
}

@article{DBLP:journals/corr/HannunCCCDEPSSCN14,
  author    = {Awni Y. Hannun and
               Carl Case and
               Jared Casper and
               Bryan C. Catanzaro and
               Greg Diamos and
               Erich Elsen and
               Ryan Prenger and
               Sanjeev Satheesh and
               Shubho Sengupta and
               Adam Coates and
               Andrew Y. Ng},
  title     = {Deep Speech: Scaling up end-to-end speech recognition},
  journal   = {CoRR},
  volume    = {abs/1412.5567},
  year      = {2014},
  url       = {http://arxiv.org/abs/1412.5567},
  timestamp = {Thu, 01 Jan 2015 00:00:00 +0100},
  biburl    = {http://dblp.uni-trier.de/rec/bib/journals/corr/HannunCCCDEPSSCN14},
  bibsource = {dblp computer science bibliography, http://dblp.org}
}

@inproceedings{DBLP:conf/acl/SocherBMN13,
  author    = {Richard Socher and
               John Bauer and
               Christopher D. Manning and
               Andrew Y. Ng},
  title     = {Parsing with Compositional Vector Grammars},
  booktitle = {Proceedings of the 51st Annual Meeting of the Association for Computational
               Linguistics, {ACL} 2013, 4-9 August 2013, Sofia, Bulgaria, Volume
               1: Long Papers},
  pages     = {455--465},
  year      = {2013},
  crossref  = {DBLP:conf/acl/2013-1},
  url       = {http://aclweb.org/anthology/P/P13/P13-1045.pdf},
  timestamp = {Tue, 26 Nov 2013 16:42:48 +0100},
  biburl    = {http://dblp.uni-trier.de/rec/bib/conf/acl/SocherBMN13},
  bibsource = {dblp computer science bibliography, http://dblp.org}
}

@inproceedings{DBLP:conf/cikm/Ng13,
  author    = {Andrew Y. Ng},
  title     = {The online revolution: education for everyone},
  booktitle = {22nd {ACM} International Conference on Information and Knowledge Management,
               CIKM'13, San Francisco, CA, USA, October 27 - November 1, 2013},
  pages     = {1913--1914},
  year      = {2013},
  crossref  = {DBLP:conf/cikm/2013},
  url       = {http://doi.acm.org/10.1145/2505515.2514698},
  doi       = {10.1145/2505515.2514698},
  timestamp = {Thu, 07 Nov 2013 11:16:05 +0100},
  biburl    = {http://dblp.uni-trier.de/rec/bib/conf/cikm/Ng13},
  bibsource = {dblp computer science bibliography, http://dblp.org}
}

@inproceedings{DBLP:conf/edm/PiechHCDNK13,
  author    = {Chris Piech and
               Jonathan Huang and
               Zhenghao Chen and
               Chuong B. Do and
               Andrew Y. Ng and
               Daphne Koller},
  title     = {Tuned Models of Peer Assessment in MOOCs},
  booktitle = {Proceedings of the 6th International Conference on Educational Data
               Mining, Memphis, Tennessee, USA, July 6-9, 2013},
  pages     = {153--160},
  year      = {2013},
  crossref  = {DBLP:conf/edm/2013},
  url       = {http://www.educationaldatamining.org/EDM2013/papers/rn_paper_23.pdf},
  timestamp = {Wed, 10 Sep 2014 16:41:04 +0200},
  biburl    = {http://dblp.uni-trier.de/rec/bib/conf/edm/PiechHCDNK13},
  bibsource = {dblp computer science bibliography, http://dblp.org}
}

@inproceedings{DBLP:conf/icml/CoatesHWWCN13,
  author    = {Adam Coates and
               Brody Huval and
               Tao Wang and
               David J. Wu and
               Bryan C. Catanzaro and
               Andrew Y. Ng},
  title     = {Deep learning with {COTS} {HPC} systems},
  booktitle = {Proceedings of the 30th International Conference on Machine Learning,
               {ICML} 2013, Atlanta, GA, USA, 16-21 June 2013},
  pages     = {1337--1345},
  year      = {2013},
  crossref  = {DBLP:conf/icml/2013},
  url       = {http://jmlr.org/proceedings/papers/v28/coates13.html},
  timestamp = {Thu, 11 Sep 2014 07:28:55 +0200},
  biburl    = {http://dblp.uni-trier.de/rec/bib/conf/icml/CoatesHWWCN13},
  bibsource = {dblp computer science bibliography, http://dblp.org}
}

@inproceedings{DBLP:conf/kdd/NgK13,
  author    = {Andrew Y. Ng and
               Daphne Koller},
  title     = {The online revolution: education for everyone},
  booktitle = {The 19th {ACM} {SIGKDD} International Conference on Knowledge Discovery
               and Data Mining, {KDD} 2013, Chicago, IL, USA, August 11-14, 2013},
  pages     = {2},
  year      = {2013},
  crossref  = {DBLP:conf/kdd/2013},
  url       = {http://doi.acm.org/10.1145/2487575.2492148},
  doi       = {10.1145/2487575.2492148},
  timestamp = {Tue, 10 Sep 2013 09:40:37 +0200},
  biburl    = {http://dblp.uni-trier.de/rec/bib/conf/kdd/NgK13},
  bibsource = {dblp computer science bibliography, http://dblp.org}
}

@inproceedings{DBLP:conf/nips/SocherCMN13,
  author    = {Richard Socher and
               Danqi Chen and
               Christopher D. Manning and
               Andrew Y. Ng},
  title     = {Reasoning With Neural Tensor Networks for Knowledge Base Completion},
  booktitle = {Advances in Neural Information Processing Systems 26: 27th Annual
               Conference on Neural Information Processing Systems 2013. Proceedings
               of a meeting held December 5-8, 2013, Lake Tahoe, Nevada, United States.},
  pages     = {926--934},
  year      = {2013},
  crossref  = {DBLP:conf/nips/2013},
  url       = {http://papers.nips.cc/paper/5028-reasoning-with-neural-tensor-networks-for-knowledge-base-completion},
  timestamp = {Fri, 31 Jan 2014 12:11:40 +0100},
  biburl    = {http://dblp.uni-trier.de/rec/bib/conf/nips/SocherCMN13},
  bibsource = {dblp computer science bibliography, http://dblp.org}
}

@inproceedings{DBLP:conf/nips/SocherGMN13,
  author    = {Richard Socher and
               Milind Ganjoo and
               Christopher D. Manning and
               Andrew Y. Ng},
  title     = {Zero-Shot Learning Through Cross-Modal Transfer},
  booktitle = {Advances in Neural Information Processing Systems 26: 27th Annual
               Conference on Neural Information Processing Systems 2013. Proceedings
               of a meeting held December 5-8, 2013, Lake Tahoe, Nevada, United States.},
  pages     = {935--943},
  year      = {2013},
  crossref  = {DBLP:conf/nips/2013},
  url       = {http://papers.nips.cc/paper/5027-zero-shot-learning-through-cross-modal-transfer},
  timestamp = {Fri, 31 Jan 2014 12:11:40 +0100},
  biburl    = {http://dblp.uni-trier.de/rec/bib/conf/nips/SocherGMN13},
  bibsource = {dblp computer science bibliography, http://dblp.org}
}

@article{DBLP:journals/corr/abs-1301-3618,
  author    = {Danqi Chen and
               Richard Socher and
               Christopher D. Manning and
               Andrew Y. Ng},
  title     = {Learning New Facts From Knowledge Bases With Neural Tensor Networks
               and Semantic Word Vectors},
  journal   = {CoRR},
  volume    = {abs/1301.3618},
  year      = {2013},
  url       = {http://arxiv.org/abs/1301.3618},
  timestamp = {Fri, 01 Feb 2013 00:00:00 +0100},
  biburl    = {http://dblp.uni-trier.de/rec/bib/journals/corr/abs-1301-3618},
  bibsource = {dblp computer science bibliography, http://dblp.org}
}

@article{DBLP:journals/corr/abs-1301-3666,
  author    = {Richard Socher and
               Milind Ganjoo and
               Hamsa Sridhar and
               Osbert Bastani and
               Christopher D. Manning and
               Andrew Y. Ng},
  title     = {Zero-Shot Learning Through Cross-Modal Transfer},
  journal   = {CoRR},
  volume    = {abs/1301.3666},
  year      = {2013},
  url       = {http://arxiv.org/abs/1301.3666},
  timestamp = {Fri, 01 Feb 2013 00:00:00 +0100},
  biburl    = {http://dblp.uni-trier.de/rec/bib/journals/corr/abs-1301-3666},
  bibsource = {dblp computer science bibliography, http://dblp.org}
}

@article{DBLP:journals/corr/abs-1301-3878,
  author    = {Andrew Y. Ng and
               Michael I. Jordan},
  title     = {{PEGASUS:} {A} Policy Search Method for Large MDPs and POMDPs},
  journal   = {CoRR},
  volume    = {abs/1301.3878},
  year      = {2013},
  url       = {http://arxiv.org/abs/1301.3878},
  timestamp = {Fri, 01 Feb 2013 00:00:00 +0100},
  biburl    = {http://dblp.uni-trier.de/rec/bib/journals/corr/abs-1301-3878},
  bibsource = {dblp computer science bibliography, http://dblp.org}
}

@article{DBLP:journals/corr/abs-1302-1552,
  author    = {Michael Kearns and
               Yishay Mansour and
               Andrew Y. Ng},
  title     = {An Information-Theoretic Analysis of Hard and Soft Assignment Methods
               for Clustering},
  journal   = {CoRR},
  volume    = {abs/1302.1552},
  year      = {2013},
  url       = {http://arxiv.org/abs/1302.1552},
  timestamp = {Fri, 01 Mar 2013 00:00:00 +0100},
  biburl    = {http://dblp.uni-trier.de/rec/bib/journals/corr/abs-1302-1552},
  bibsource = {dblp computer science bibliography, http://dblp.org}
}

@article{DBLP:journals/corr/PiechHCDNK13,
  author    = {Chris Piech and
               Jonathan Huang and
               Zhenghao Chen and
               Chuong B. Do and
               Andrew Y. Ng and
               Daphne Koller},
  title     = {Tuned Models of Peer Assessment in MOOCs},
  journal   = {CoRR},
  volume    = {abs/1307.2579},
  year      = {2013},
  url       = {http://arxiv.org/abs/1307.2579},
  timestamp = {Thu, 15 Aug 2013 01:00:00 +0200},
  biburl    = {http://dblp.uni-trier.de/rec/bib/journals/corr/PiechHCDNK13},
  bibsource = {dblp computer science bibliography, http://dblp.org}
}

@article{DBLP:journals/corr/HuvalCN13,
  author    = {Brody Huval and
               Adam Coates and
               Andrew Y. Ng},
  title     = {Deep learning for class-generic object detection},
  journal   = {CoRR},
  volume    = {abs/1312.6885},
  year      = {2013},
  url       = {http://arxiv.org/abs/1312.6885},
  timestamp = {Mon, 06 Jan 2014 00:00:00 +0100},
  biburl    = {http://dblp.uni-trier.de/rec/bib/journals/corr/HuvalCN13},
  bibsource = {dblp computer science bibliography, http://dblp.org}
}

@inproceedings{DBLP:conf/acl/HuangSMN12,
  author    = {Eric H. Huang and
               Richard Socher and
               Christopher D. Manning and
               Andrew Y. Ng},
  title     = {Improving Word Representations via Global Context and Multiple Word
               Prototypes},
  booktitle = {The 50th Annual Meeting of the Association for Computational Linguistics,
               Proceedings of the Conference, July 8-14, 2012, Jeju Island, Korea
               - Volume 1: Long Papers},
  pages     = {873--882},
  year      = {2012},
  crossref  = {DBLP:conf/acl/2012-1},
  url       = {http://www.aclweb.org/anthology/P12-1092},
  timestamp = {Wed, 15 Aug 2012 08:21:28 +0200},
  biburl    = {http://dblp.uni-trier.de/rec/bib/conf/acl/HuangSMN12},
  bibsource = {dblp computer science bibliography, http://dblp.org}
}

@inproceedings{DBLP:conf/emnlp/SocherHMN12,
  author    = {Richard Socher and
               Brody Huval and
               Christopher D. Manning and
               Andrew Y. Ng},
  title     = {Semantic Compositionality through Recursive Matrix-Vector Spaces},
  booktitle = {Proceedings of the 2012 Joint Conference on Empirical Methods in Natural
               Language Processing and Computational Natural Language Learning, EMNLP-CoNLL
               2012, July 12-14, 2012, Jeju Island, Korea},
  pages     = {1201--1211},
  year      = {2012},
  crossref  = {DBLP:conf/emnlp/2012},
  url       = {http://www.aclweb.org/anthology/D12-1110},
  timestamp = {Thu, 22 Jan 2015 16:51:46 +0100},
  biburl    = {http://dblp.uni-trier.de/rec/bib/conf/emnlp/SocherHMN12},
  bibsource = {dblp computer science bibliography, http://dblp.org}
}

@inproceedings{DBLP:conf/icml/LeRMDCCDN12,
  author    = {Quoc V. Le and
               Marc'Aurelio Ranzato and
               Rajat Monga and
               Matthieu Devin and
               Greg Corrado and
               Kai Chen and
               Jeffrey Dean and
               Andrew Y. Ng},
  title     = {Building high-level features using large scale unsupervised learning},
  booktitle = {Proceedings of the 29th International Conference on Machine Learning,
               {ICML} 2012, Edinburgh, Scotland, UK, June 26 - July 1, 2012},
  year      = {2012},
  crossref  = {DBLP:conf/icml/2012},
  url       = {http://icml.cc/discuss/2012/73.html},
  timestamp = {Thu, 07 May 2015 01:00:00 +0200},
  biburl    = {http://dblp.uni-trier.de/rec/bib/conf/icml/LeRMDCCDN12},
  bibsource = {dblp computer science bibliography, http://dblp.org}
}

@inproceedings{DBLP:conf/icpr/WangWCN12,
  author    = {Tao Wang and
               David J. Wu and
               Adam Coates and
               Andrew Y. Ng},
  title     = {End-to-end text recognition with convolutional neural networks},
  booktitle = {Proceedings of the 21st International Conference on Pattern Recognition,
               {ICPR} 2012, Tsukuba, Japan, November 11-15, 2012},
  pages     = {3304--3308},
  year      = {2012},
  crossref  = {DBLP:conf/icpr/2012},
  url       = {http://ieeexplore.ieee.org/xpl/freeabs_all.jsp?arnumber=6460871},
  timestamp = {Thu, 02 Oct 2014 17:00:46 +0200},
  biburl    = {http://dblp.uni-trier.de/rec/bib/conf/icpr/WangWCN12},
  bibsource = {dblp computer science bibliography, http://dblp.org}
}

@inproceedings{DBLP:conf/interspeech/MaasLOVNN12,
  author    = {Andrew L. Maas and
               Quoc V. Le and
               Tyler M. O'Neil and
               Oriol Vinyals and
               Patrick Nguyen and
               Andrew Y. Ng},
  title     = {Recurrent Neural Networks for Noise Reduction in Robust {ASR}},
  booktitle = {{INTERSPEECH} 2012, 13th Annual Conference of the International Speech
               Communication Association, Portland, Oregon, USA, September 9-13,
               2012},
  pages     = {22--25},
  year      = {2012},
  crossref  = {DBLP:conf/interspeech/2012},
  url       = {http://www.isca-speech.org/archive/interspeech_2012/i12_0022.html},
  timestamp = {Mon, 16 Mar 2015 00:00:00 +0100},
  biburl    = {http://dblp.uni-trier.de/rec/bib/conf/interspeech/MaasLOVNN12},
  bibsource = {dblp computer science bibliography, http://dblp.org}
}

@inproceedings{DBLP:conf/nips/SocherHBMN12,
  author    = {Richard Socher and
               Brody Huval and
               Bharath Putta Bath and
               Christopher D. Manning and
               Andrew Y. Ng},
  title     = {Convolutional-Recursive Deep Learning for 3D Object Classification},
  booktitle = {Advances in Neural Information Processing Systems 25: 26th Annual
               Conference on Neural Information Processing Systems 2012. Proceedings
               of a meeting held December 3-6, 2012, Lake Tahoe, Nevada, United States.},
  pages     = {665--673},
  year      = {2012},
  crossref  = {DBLP:conf/nips/2012},
  url       = {http://papers.nips.cc/paper/4773-convolutional-recursive-deep-learning-for-3d-object-classification},
  timestamp = {Thu, 11 Dec 2014 17:34:07 +0100},
  biburl    = {http://dblp.uni-trier.de/rec/bib/conf/nips/SocherHBMN12},
  bibsource = {dblp computer science bibliography, http://dblp.org}
}

@inproceedings{DBLP:conf/nips/DeanCMCDLMRSTYN12,
  author    = {Jeffrey Dean and
               Greg Corrado and
               Rajat Monga and
               Kai Chen and
               Matthieu Devin and
               Quoc V. Le and
               Mark Z. Mao and
               Marc'Aurelio Ranzato and
               Andrew W. Senior and
               Paul A. Tucker and
               Ke Yang and
               Andrew Y. Ng},
  title     = {Large Scale Distributed Deep Networks},
  booktitle = {Advances in Neural Information Processing Systems 25: 26th Annual
               Conference on Neural Information Processing Systems 2012. Proceedings
               of a meeting held December 3-6, 2012, Lake Tahoe, Nevada, United States.},
  pages     = {1232--1240},
  year      = {2012},
  crossref  = {DBLP:conf/nips/2012},
  url       = {http://papers.nips.cc/paper/4687-large-scale-distributed-deep-networks},
  timestamp = {Thu, 07 May 2015 01:00:00 +0200},
  biburl    = {http://dblp.uni-trier.de/rec/bib/conf/nips/DeanCMCDLMRSTYN12},
  bibsource = {dblp computer science bibliography, http://dblp.org}
}

@inproceedings{DBLP:conf/nips/CoatesKN12,
  author    = {Adam Coates and
               Andrej Karpathy and
               Andrew Y. Ng},
  title     = {Emergence of Object-Selective Features in Unsupervised Feature Learning},
  booktitle = {Advances in Neural Information Processing Systems 25: 26th Annual
               Conference on Neural Information Processing Systems 2012. Proceedings
               of a meeting held December 3-6, 2012, Lake Tahoe, Nevada, United States.},
  pages     = {2690--2698},
  year      = {2012},
  crossref  = {DBLP:conf/nips/2012},
  url       = {http://papers.nips.cc/paper/4497-emergence-of-object-selective-features-in-unsupervised-feature-learning},
  timestamp = {Thu, 11 Dec 2014 17:34:07 +0100},
  biburl    = {http://dblp.uni-trier.de/rec/bib/conf/nips/CoatesKN12},
  bibsource = {dblp computer science bibliography, http://dblp.org}
}

@inproceedings{DBLP:conf/nips/ZouNZY12,
  author    = {Will Y. Zou and
               Andrew Y. Ng and
               Shenghuo Zhu and
               Kai Yu},
  title     = {Deep Learning of Invariant Features via Simulated Fixations in Video},
  booktitle = {Advances in Neural Information Processing Systems 25: 26th Annual
               Conference on Neural Information Processing Systems 2012. Proceedings
               of a meeting held December 3-6, 2012, Lake Tahoe, Nevada, United States.},
  pages     = {3212--3220},
  year      = {2012},
  crossref  = {DBLP:conf/nips/2012},
  url       = {http://papers.nips.cc/paper/4730-deep-learning-of-invariant-features-via-simulated-fixations-in-video},
  timestamp = {Thu, 11 Dec 2014 17:34:07 +0100},
  biburl    = {http://dblp.uni-trier.de/rec/bib/conf/nips/ZouNZY12},
  bibsource = {dblp computer science bibliography, http://dblp.org}
}

@incollection{DBLP:series/lncs/CoatesN12,
  author    = {Adam Coates and
               Andrew Y. Ng},
  title     = {Learning Feature Representations with K-Means},
  booktitle = {Neural Networks: Tricks of the Trade - Second Edition},
  pages     = {561--580},
  year      = {2012},
  crossref  = {DBLP:series/lncs/7700},
  url       = {http://dx.doi.org/10.1007/978-3-642-35289-8_30},
  doi       = {10.1007/978-3-642-35289-8_30},
  timestamp = {Mon, 09 Sep 2013 18:51:12 +0200},
  biburl    = {http://dblp.uni-trier.de/rec/bib/series/lncs/CoatesN12},
  bibsource = {dblp computer science bibliography, http://dblp.org}
}

@article{DBLP:journals/corr/abs-1206-3959,
  author    = {Jeff A. Bilmes and
               Andrew Y. Ng},
  title     = {Proceedings of the Twenty-Fifth Conference on Uncertainty in Artificial
               Intelligence {(2009)}},
  journal   = {CoRR},
  volume    = {abs/1206.3959},
  year      = {2012},
  url       = {http://arxiv.org/abs/1206.3959},
  timestamp = {Mon, 16 Mar 2015 00:00:00 +0100},
  biburl    = {http://dblp.uni-trier.de/rec/bib/journals/corr/abs-1206-3959},
  bibsource = {dblp computer science bibliography, http://dblp.org}
}

@article{DBLP:journals/corr/abs-1206-5241,
  author    = {Roger B. Grosse and
               Rajat Raina and
               Helen Kwong and
               Andrew Y. Ng},
  title     = {Shift-Invariance Sparse Coding for Audio Classification},
  journal   = {CoRR},
  volume    = {abs/1206.5241},
  year      = {2012},
  url       = {http://arxiv.org/abs/1206.5241},
  timestamp = {Mon, 06 Jan 2014 00:00:00 +0100},
  biburl    = {http://dblp.uni-trier.de/rec/bib/journals/corr/abs-1206-5241},
  bibsource = {dblp computer science bibliography, http://dblp.org}
}

@article{DBLP:journals/corr/abs-1207-1366,
  author    = {Pieter Abbeel and
               Daphne Koller and
               Andrew Y. Ng},
  title     = {Learning Factor Graphs in Polynomial Time {\&}amp; Sample Complexity},
  journal   = {CoRR},
  volume    = {abs/1207.1366},
  year      = {2012},
  url       = {http://arxiv.org/abs/1207.1366},
  timestamp = {Wed, 10 Oct 2012 01:00:00 +0200},
  biburl    = {http://dblp.uni-trier.de/rec/bib/journals/corr/abs-1207-1366},
  bibsource = {dblp computer science bibliography, http://dblp.org}
}

@article{DBLP:journals/cacm/LeeGRN11,
  author    = {Honglak Lee and
               Roger B. Grosse and
               Rajesh Ranganath and
               Andrew Y. Ng},
  title     = {Unsupervised learning of hierarchical representations with convolutional
               deep belief networks},
  journal   = {Commun. {ACM}},
  volume    = {54},
  number    = {10},
  pages     = {95--103},
  year      = {2011},
  url       = {http://doi.acm.org/10.1145/2001269.2001295},
  doi       = {10.1145/2001269.2001295},
  timestamp = {Mon, 06 Jan 2014 00:00:00 +0100},
  biburl    = {http://dblp.uni-trier.de/rec/bib/journals/cacm/LeeGRN11},
  bibsource = {dblp computer science bibliography, http://dblp.org}
}

@article{DBLP:journals/ijrr/KolterN11,
  author    = {J. Zico Kolter and
               Andrew Y. Ng},
  title     = {The Stanford LittleDog: {A} learning and rapid replanning approach
               to quadruped locomotion},
  journal   = {I. J. Robotic Res.},
  volume    = {30},
  number    = {2},
  pages     = {150--174},
  year      = {2011},
  url       = {http://dx.doi.org/10.1177/0278364910390537},
  doi       = {10.1177/0278364910390537},
  timestamp = {Sun, 27 Feb 2011 00:00:00 +0100},
  biburl    = {http://dblp.uni-trier.de/rec/bib/journals/ijrr/KolterN11},
  bibsource = {dblp computer science bibliography, http://dblp.org}
}

@inproceedings{DBLP:conf/acl/MaasDPHNP11,
  author    = {Andrew L. Maas and
               Raymond E. Daly and
               Peter T. Pham and
               Dan Huang and
               Andrew Y. Ng and
               Christopher Potts},
  title     = {Learning Word Vectors for Sentiment Analysis},
  booktitle = {The 49th Annual Meeting of the Association for Computational Linguistics:
               Human Language Technologies, Proceedings of the Conference, 19-24
               June, 2011, Portland, Oregon, {USA}},
  pages     = {142--150},
  year      = {2011},
  crossref  = {DBLP:conf/acl/2011},
  url       = {http://www.aclweb.org/anthology/P11-1015},
  timestamp = {Fri, 02 Dec 2011 14:17:37 +0100},
  biburl    = {http://dblp.uni-trier.de/rec/bib/conf/acl/MaasDPHNP11},
  bibsource = {dblp computer science bibliography, http://dblp.org}
}

@inproceedings{DBLP:conf/cvpr/LeZYN11,
  author    = {Quoc V. Le and
               Will Y. Zou and
               Serena Y. Yeung and
               Andrew Y. Ng},
  title     = {Learning hierarchical invariant spatio-temporal features for action
               recognition with independent subspace analysis},
  booktitle = {The 24th {IEEE} Conference on Computer Vision and Pattern Recognition,
               {CVPR} 2011, Colorado Springs, CO, USA, 20-25 June 2011},
  pages     = {3361--3368},
  year      = {2011},
  crossref  = {DBLP:conf/cvpr/2011},
  url       = {http://dx.doi.org/10.1109/CVPR.2011.5995496},
  doi       = {10.1109/CVPR.2011.5995496},
  timestamp = {Tue, 25 Nov 2014 17:05:17 +0100},
  biburl    = {http://dblp.uni-trier.de/rec/bib/conf/cvpr/LeZYN11},
  bibsource = {dblp computer science bibliography, http://dblp.org}
}

@inproceedings{DBLP:conf/emnlp/SocherPHNM11,
  author    = {Richard Socher and
               Jeffrey Pennington and
               Eric H. Huang and
               Andrew Y. Ng and
               Christopher D. Manning},
  title     = {Semi-Supervised Recursive Autoencoders for Predicting Sentiment Distributions},
  booktitle = {Proceedings of the 2011 Conference on Empirical Methods in Natural
               Language Processing, {EMNLP} 2011, 27-31 July 2011, John McIntyre
               Conference Centre, Edinburgh, UK, {A} meeting of SIGDAT, a Special
               Interest Group of the {ACL}},
  pages     = {151--161},
  year      = {2011},
  crossref  = {DBLP:conf/emnlp/2011},
  url       = {http://www.aclweb.org/anthology/D11-1014},
  timestamp = {Mon, 21 Nov 2011 12:50:56 +0100},
  biburl    = {http://dblp.uni-trier.de/rec/bib/conf/emnlp/SocherPHNM11},
  bibsource = {dblp computer science bibliography, http://dblp.org}
}

@inproceedings{DBLP:conf/icdar/CoatesCCSSWWN11,
  author    = {Adam Coates and
               Blake Carpenter and
               Carl Case and
               Sanjeev Satheesh and
               Bipin Suresh and
               Tao Wang and
               David J. Wu and
               Andrew Y. Ng},
  title     = {Text Detection and Character Recognition in Scene Images with Unsupervised
               Feature Learning},
  booktitle = {2011 International Conference on Document Analysis and Recognition,
               {ICDAR} 2011, Beijing, China, September 18-21, 2011},
  pages     = {440--445},
  year      = {2011},
  crossref  = {DBLP:conf/icdar/2011},
  url       = {http://dx.doi.org/10.1109/ICDAR.2011.95},
  doi       = {10.1109/ICDAR.2011.95},
  timestamp = {Mon, 03 Nov 2014 16:48:05 +0100},
  biburl    = {http://dblp.uni-trier.de/rec/bib/conf/icdar/CoatesCCSSWWN11},
  bibsource = {dblp computer science bibliography, http://dblp.org}
}

@inproceedings{DBLP:conf/icml/SocherLNM11,
  author    = {Richard Socher and
               Cliff Chiung{-}Yu Lin and
               Andrew Y. Ng and
               Christopher D. Manning},
  title     = {Parsing Natural Scenes and Natural Language with Recursive Neural
               Networks},
  booktitle = {Proceedings of the 28th International Conference on Machine Learning,
               {ICML} 2011, Bellevue, Washington, USA, June 28 - July 2, 2011},
  pages     = {129--136},
  year      = {2011},
  crossref  = {DBLP:conf/icml/2011},
  timestamp = {Fri, 16 Dec 2011 12:22:26 +0100},
  biburl    = {http://dblp.uni-trier.de/rec/bib/conf/icml/SocherLNM11},
  bibsource = {dblp computer science bibliography, http://dblp.org}
}

@inproceedings{DBLP:conf/icml/LeNCLPN11,
  author    = {Quoc V. Le and
               Jiquan Ngiam and
               Adam Coates and
               Ahbik Lahiri and
               Bobby Prochnow and
               Andrew Y. Ng},
  title     = {On optimization methods for deep learning},
  booktitle = {Proceedings of the 28th International Conference on Machine Learning,
               {ICML} 2011, Bellevue, Washington, USA, June 28 - July 2, 2011},
  pages     = {265--272},
  year      = {2011},
  crossref  = {DBLP:conf/icml/2011},
  timestamp = {Fri, 16 Dec 2011 12:22:26 +0100},
  biburl    = {http://dblp.uni-trier.de/rec/bib/conf/icml/LeNCLPN11},
  bibsource = {dblp computer science bibliography, http://dblp.org}
}

@inproceedings{DBLP:conf/icml/NgiamKKNLN11,
  author    = {Jiquan Ngiam and
               Aditya Khosla and
               Mingyu Kim and
               Juhan Nam and
               Honglak Lee and
               Andrew Y. Ng},
  title     = {Multimodal Deep Learning},
  booktitle = {Proceedings of the 28th International Conference on Machine Learning,
               {ICML} 2011, Bellevue, Washington, USA, June 28 - July 2, 2011},
  pages     = {689--696},
  year      = {2011},
  crossref  = {DBLP:conf/icml/2011},
  timestamp = {Fri, 16 Dec 2011 12:22:26 +0100},
  biburl    = {http://dblp.uni-trier.de/rec/bib/conf/icml/NgiamKKNLN11},
  bibsource = {dblp computer science bibliography, http://dblp.org}
}

@inproceedings{DBLP:conf/icml/CoatesN11,
  author    = {Adam Coates and
               Andrew Y. Ng},
  title     = {The Importance of Encoding Versus Training with Sparse Coding and
               Vector Quantization},
  booktitle = {Proceedings of the 28th International Conference on Machine Learning,
               {ICML} 2011, Bellevue, Washington, USA, June 28 - July 2, 2011},
  pages     = {921--928},
  year      = {2011},
  crossref  = {DBLP:conf/icml/2011},
  timestamp = {Fri, 16 Dec 2011 12:22:26 +0100},
  biburl    = {http://dblp.uni-trier.de/rec/bib/conf/icml/CoatesN11},
  bibsource = {dblp computer science bibliography, http://dblp.org}
}

@inproceedings{DBLP:conf/icml/SaxeKCBSN11,
  author    = {Andrew M. Saxe and
               Pang Wei Koh and
               Zhenghao Chen and
               Maneesh Bhand and
               Bipin Suresh and
               Andrew Y. Ng},
  title     = {On Random Weights and Unsupervised Feature Learning},
  booktitle = {Proceedings of the 28th International Conference on Machine Learning,
               {ICML} 2011, Bellevue, Washington, USA, June 28 - July 2, 2011},
  pages     = {1089--1096},
  year      = {2011},
  crossref  = {DBLP:conf/icml/2011},
  timestamp = {Fri, 16 Dec 2011 12:22:26 +0100},
  biburl    = {http://dblp.uni-trier.de/rec/bib/conf/icml/SaxeKCBSN11},
  bibsource = {dblp computer science bibliography, http://dblp.org}
}

@inproceedings{DBLP:conf/icml/NgiamCKN11,
  author    = {Jiquan Ngiam and
               Zhenghao Chen and
               Pang Wei Koh and
               Andrew Y. Ng},
  title     = {Learning Deep Energy Models},
  booktitle = {Proceedings of the 28th International Conference on Machine Learning,
               {ICML} 2011, Bellevue, Washington, USA, June 28 - July 2, 2011},
  pages     = {1105--1112},
  year      = {2011},
  crossref  = {DBLP:conf/icml/2011},
  timestamp = {Fri, 16 Dec 2011 12:22:26 +0100},
  biburl    = {http://dblp.uni-trier.de/rec/bib/conf/icml/NgiamCKN11},
  bibsource = {dblp computer science bibliography, http://dblp.org}
}

@inproceedings{DBLP:conf/icra/KlingbeilRCGNK11,
  author    = {Ellen Klingbeil and
               Deepak Rao and
               Blake Carpenter and
               Varun Ganapathi and
               Andrew Y. Ng and
               Oussama Khatib},
  title     = {Grasping with application to an autonomous checkout robot},
  booktitle = {{IEEE} International Conference on Robotics and Automation, {ICRA}
               2011, Shanghai, China, 9-13 May 2011},
  pages     = {2837--2844},
  year      = {2011},
  crossref  = {DBLP:conf/icra/2011},
  url       = {http://dx.doi.org/10.1109/ICRA.2011.5980287},
  doi       = {10.1109/ICRA.2011.5980287},
  timestamp = {Wed, 17 Aug 2011 07:50:00 +0200},
  biburl    = {http://dblp.uni-trier.de/rec/bib/conf/icra/KlingbeilRCGNK11},
  bibsource = {dblp computer science bibliography, http://dblp.org}
}

@inproceedings{DBLP:conf/icra/CaseSCN11,
  author    = {Carl Case and
               Bipin Suresh and
               Adam Coates and
               Andrew Y. Ng},
  title     = {Autonomous sign reading for semantic mapping},
  booktitle = {{IEEE} International Conference on Robotics and Automation, {ICRA}
               2011, Shanghai, China, 9-13 May 2011},
  pages     = {3297--3303},
  year      = {2011},
  crossref  = {DBLP:conf/icra/2011},
  url       = {http://dx.doi.org/10.1109/ICRA.2011.5980523},
  doi       = {10.1109/ICRA.2011.5980523},
  timestamp = {Wed, 17 Aug 2011 07:50:00 +0200},
  biburl    = {http://dblp.uni-trier.de/rec/bib/conf/icra/CaseSCN11},
  bibsource = {dblp computer science bibliography, http://dblp.org}
}

@inproceedings{DBLP:conf/icra/QuigleyAN11,
  author    = {Morgan Quigley and
               Alan T. Asbeck and
               Andrew Y. Ng},
  title     = {A low-cost compliant 7-DOF robotic manipulator},
  booktitle = {{IEEE} International Conference on Robotics and Automation, {ICRA}
               2011, Shanghai, China, 9-13 May 2011},
  pages     = {6051--6058},
  year      = {2011},
  crossref  = {DBLP:conf/icra/2011},
  url       = {http://dx.doi.org/10.1109/ICRA.2011.5980332},
  doi       = {10.1109/ICRA.2011.5980332},
  timestamp = {Thu, 18 Aug 2011 01:00:00 +0200},
  biburl    = {http://dblp.uni-trier.de/rec/bib/conf/icra/QuigleyAN11},
  bibsource = {dblp computer science bibliography, http://dblp.org}
}

@inproceedings{DBLP:conf/nips/SocherHPNM11,
  author    = {Richard Socher and
               Eric H. Huang and
               Jeffrey Pennington and
               Andrew Y. Ng and
               Christopher D. Manning},
  title     = {Dynamic Pooling and Unfolding Recursive Autoencoders for Paraphrase
               Detection},
  booktitle = {Advances in Neural Information Processing Systems 24: 25th Annual
               Conference on Neural Information Processing Systems 2011. Proceedings
               of a meeting held 12-14 December 2011, Granada, Spain.},
  pages     = {801--809},
  year      = {2011},
  crossref  = {DBLP:conf/nips/2011},
  url       = {http://papers.nips.cc/paper/4204-dynamic-pooling-and-unfolding-recursive-autoencoders-for-paraphrase-detection},
  timestamp = {Thu, 11 Dec 2014 17:34:08 +0100},
  biburl    = {http://dblp.uni-trier.de/rec/bib/conf/nips/SocherHPNM11},
  bibsource = {dblp computer science bibliography, http://dblp.org}
}

@inproceedings{DBLP:conf/nips/LeKNN11,
  author    = {Quoc V. Le and
               Alexandre Karpenko and
               Jiquan Ngiam and
               Andrew Y. Ng},
  title     = {{ICA} with Reconstruction Cost for Efficient Overcomplete Feature
               Learning},
  booktitle = {Advances in Neural Information Processing Systems 24: 25th Annual
               Conference on Neural Information Processing Systems 2011. Proceedings
               of a meeting held 12-14 December 2011, Granada, Spain.},
  pages     = {1017--1025},
  year      = {2011},
  crossref  = {DBLP:conf/nips/2011},
  url       = {http://papers.nips.cc/paper/4467-ica-with-reconstruction-cost-for-efficient-overcomplete-feature-learning},
  timestamp = {Thu, 11 Dec 2014 17:34:08 +0100},
  biburl    = {http://dblp.uni-trier.de/rec/bib/conf/nips/LeKNN11},
  bibsource = {dblp computer science bibliography, http://dblp.org}
}

@inproceedings{DBLP:conf/nips/NgiamKCBN11,
  author    = {Jiquan Ngiam and
               Pang Wei Koh and
               Zhenghao Chen and
               Sonia A. Bhaskar and
               Andrew Y. Ng},
  title     = {Sparse Filtering},
  booktitle = {Advances in Neural Information Processing Systems 24: 25th Annual
               Conference on Neural Information Processing Systems 2011. Proceedings
               of a meeting held 12-14 December 2011, Granada, Spain.},
  pages     = {1125--1133},
  year      = {2011},
  crossref  = {DBLP:conf/nips/2011},
  url       = {http://papers.nips.cc/paper/4334-sparse-filtering},
  timestamp = {Thu, 11 Dec 2014 17:34:08 +0100},
  biburl    = {http://dblp.uni-trier.de/rec/bib/conf/nips/NgiamKCBN11},
  bibsource = {dblp computer science bibliography, http://dblp.org}
}

@inproceedings{DBLP:conf/nips/SaxeBMSN11,
  author    = {Andrew M. Saxe and
               Maneesh Bhand and
               Ritvik Mudur and
               Bipin Suresh and
               Andrew Y. Ng},
  title     = {Unsupervised learning models of primary cortical receptive fields
               and receptive field plasticity},
  booktitle = {Advances in Neural Information Processing Systems 24: 25th Annual
               Conference on Neural Information Processing Systems 2011. Proceedings
               of a meeting held 12-14 December 2011, Granada, Spain.},
  pages     = {1971--1979},
  year      = {2011},
  crossref  = {DBLP:conf/nips/2011},
  url       = {http://papers.nips.cc/paper/4331-unsupervised-learning-models-of-primary-cortical-receptive-fields-and-receptive-field-plasticity},
  timestamp = {Thu, 11 Dec 2014 17:34:08 +0100},
  biburl    = {http://dblp.uni-trier.de/rec/bib/conf/nips/SaxeBMSN11},
  bibsource = {dblp computer science bibliography, http://dblp.org}
}

@inproceedings{DBLP:conf/nips/CoatesN11,
  author    = {Adam Coates and
               Andrew Y. Ng},
  title     = {Selecting Receptive Fields in Deep Networks},
  booktitle = {Advances in Neural Information Processing Systems 24: 25th Annual
               Conference on Neural Information Processing Systems 2011. Proceedings
               of a meeting held 12-14 December 2011, Granada, Spain.},
  pages     = {2528--2536},
  year      = {2011},
  crossref  = {DBLP:conf/nips/2011},
  url       = {http://papers.nips.cc/paper/4293-selecting-receptive-fields-in-deep-networks},
  timestamp = {Thu, 11 Dec 2014 17:34:08 +0100},
  biburl    = {http://dblp.uni-trier.de/rec/bib/conf/nips/CoatesN11},
  bibsource = {dblp computer science bibliography, http://dblp.org}
}

@inproceedings{DBLP:journals/jmlr/CoatesNL11,
  author    = {Adam Coates and
               Andrew Y. Ng and
               Honglak Lee},
  title     = {An Analysis of Single-Layer Networks in Unsupervised Feature Learning},
  booktitle = {Proceedings of the Fourteenth International Conference on Artificial
               Intelligence and Statistics, {AISTATS} 2011, Fort Lauderdale, USA,
               April 11-13, 2011},
  pages     = {215--223},
  year      = {2011},
  crossref  = {DBLP:conf/aistats/2011},
  url       = {http://www.jmlr.org/proceedings/papers/v15/coates11a/coates11a.pdf},
  timestamp = {Thu, 11 Sep 2014 07:28:56 +0200},
  biburl    = {http://dblp.uni-trier.de/rec/bib/journals/jmlr/CoatesNL11},
  bibsource = {dblp computer science bibliography, http://dblp.org}
}

@article{DBLP:journals/corr/abs-1112-6209,
  author    = {Quoc V. Le and
               Rajat Monga and
               Matthieu Devin and
               Greg Corrado and
               Kai Chen and
               Marc'Aurelio Ranzato and
               Jeffrey Dean and
               Andrew Y. Ng},
  title     = {Building high-level features using large scale unsupervised learning},
  journal   = {CoRR},
  volume    = {abs/1112.6209},
  year      = {2011},
  url       = {http://arxiv.org/abs/1112.6209},
  timestamp = {Thu, 07 May 2015 01:00:00 +0200},
  biburl    = {http://dblp.uni-trier.de/rec/bib/journals/corr/abs-1112-6209},
  bibsource = {dblp computer science bibliography, http://dblp.org}
}

@article{DBLP:journals/ijrr/AbbeelCN10,
  author    = {Pieter Abbeel and
               Adam Coates and
               Andrew Y. Ng},
  title     = {Autonomous Helicopter Aerobatics through Apprenticeship Learning},
  journal   = {I. J. Robotic Res.},
  volume    = {29},
  number    = {13},
  pages     = {1608--1639},
  year      = {2010},
  url       = {http://dx.doi.org/10.1177/0278364910371999},
  doi       = {10.1177/0278364910371999},
  timestamp = {Fri, 19 Nov 2010 00:00:00 +0100},
  biburl    = {http://dblp.uni-trier.de/rec/bib/journals/ijrr/AbbeelCN10},
  bibsource = {dblp computer science bibliography, http://dblp.org}
}

@inproceedings{DBLP:conf/aaai/QuigleyAN10,
  author    = {Morgan Quigley and
               Alan T. Asbeck and
               Andrew Y. Ng},
  title     = {Low-Cost Manipulation Powered by {ROS}},
  booktitle = {Enabling Intelligence through Middleware, Papers from the 2010 {AAAI}
               Robot Workshop, Atlanta, Georgia, USA, July 12, 2010},
  year      = {2010},
  crossref  = {DBLP:conf/aaai/2010middle},
  url       = {http://www.aaai.org/ocs/index.php/WS/ROBOT10/paper/view/2343},
  timestamp = {Thu, 08 Mar 2012 15:46:53 +0100},
  biburl    = {http://dblp.uni-trier.de/rec/bib/conf/aaai/QuigleyAN10},
  bibsource = {dblp computer science bibliography, http://dblp.org}
}

@inproceedings{DBLP:conf/cvpr/RussakovskyN10,
  author    = {Olga Russakovsky and
               Andrew Y. Ng},
  title     = {A Steiner tree approach to efficient object detection},
  booktitle = {The Twenty-Third {IEEE} Conference on Computer Vision and Pattern
               Recognition, {CVPR} 2010, San Francisco, CA, USA, 13-18 June 2010},
  pages     = {1070--1077},
  year      = {2010},
  crossref  = {DBLP:conf/cvpr/2010},
  url       = {http://dx.doi.org/10.1109/CVPR.2010.5540097},
  doi       = {10.1109/CVPR.2010.5540097},
  timestamp = {Tue, 25 Nov 2014 17:05:17 +0100},
  biburl    = {http://dblp.uni-trier.de/rec/bib/conf/cvpr/RussakovskyN10},
  bibsource = {dblp computer science bibliography, http://dblp.org}
}

@inproceedings{DBLP:conf/icra/CoatesN10,
  author    = {Adam Coates and
               Andrew Y. Ng},
  title     = {Multi-camera object detection for robotics},
  booktitle = {{IEEE} International Conference on Robotics and Automation, {ICRA}
               2010, Anchorage, Alaska, USA, 3-7 May 2010},
  pages     = {412--419},
  year      = {2010},
  crossref  = {DBLP:conf/icra/2010},
  url       = {http://dx.doi.org/10.1109/ROBOT.2010.5509644},
  doi       = {10.1109/ROBOT.2010.5509644},
  timestamp = {Thu, 26 Aug 2010 01:00:00 +0200},
  biburl    = {http://dblp.uni-trier.de/rec/bib/conf/icra/CoatesN10},
  bibsource = {dblp computer science bibliography, http://dblp.org}
}

@inproceedings{DBLP:conf/icra/KlingbeilCRN10,
  author    = {Ellen Klingbeil and
               Blake Carpenter and
               Olga Russakovsky and
               Andrew Y. Ng},
  title     = {Autonomous operation of novel elevators for robot navigation},
  booktitle = {{IEEE} International Conference on Robotics and Automation, {ICRA}
               2010, Anchorage, Alaska, USA, 3-7 May 2010},
  pages     = {751--758},
  year      = {2010},
  crossref  = {DBLP:conf/icra/2010},
  url       = {http://dx.doi.org/10.1109/ROBOT.2010.5509466},
  doi       = {10.1109/ROBOT.2010.5509466},
  timestamp = {Thu, 26 Aug 2010 01:00:00 +0200},
  biburl    = {http://dblp.uni-trier.de/rec/bib/conf/icra/KlingbeilCRN10},
  bibsource = {dblp computer science bibliography, http://dblp.org}
}

@inproceedings{DBLP:conf/icra/KolterPJNT10,
  author    = {J. Zico Kolter and
               Christian Plagemann and
               David T. Jackson and
               Andrew Y. Ng and
               Sebastian Thrun},
  title     = {A probabilistic approach to mixed open-loop and closed-loop control,
               with application to extreme autonomous driving},
  booktitle = {{IEEE} International Conference on Robotics and Automation, {ICRA}
               2010, Anchorage, Alaska, USA, 3-7 May 2010},
  pages     = {839--845},
  year      = {2010},
  crossref  = {DBLP:conf/icra/2010},
  url       = {http://dx.doi.org/10.1109/ROBOT.2010.5509562},
  doi       = {10.1109/ROBOT.2010.5509562},
  timestamp = {Thu, 26 Aug 2010 01:00:00 +0200},
  biburl    = {http://dblp.uni-trier.de/rec/bib/conf/icra/KolterPJNT10},
  bibsource = {dblp computer science bibliography, http://dblp.org}
}

@inproceedings{DBLP:conf/icra/LeKKN10,
  author    = {Quoc V. Le and
               David Kamm and
               A. F. Kara and
               Andrew Y. Ng},
  title     = {Learning to grasp objects with multiple contact points},
  booktitle = {{IEEE} International Conference on Robotics and Automation, {ICRA}
               2010, Anchorage, Alaska, USA, 3-7 May 2010},
  pages     = {5062--5069},
  year      = {2010},
  crossref  = {DBLP:conf/icra/2010},
  url       = {http://dx.doi.org/10.1109/ROBOT.2010.5509508},
  doi       = {10.1109/ROBOT.2010.5509508},
  timestamp = {Thu, 26 Aug 2010 01:00:00 +0200},
  biburl    = {http://dblp.uni-trier.de/rec/bib/conf/icra/LeKKN10},
  bibsource = {dblp computer science bibliography, http://dblp.org}
}

@inproceedings{DBLP:conf/iros/RaoLPQSN10,
  author    = {Deepak Rao and
               Quoc V. Le and
               Thanathorn Phoka and
               Morgan Quigley and
               Attawith Sudsang and
               Andrew Y. Ng},
  title     = {Grasping novel objects with depth segmentation},
  booktitle = {2010 {IEEE/RSJ} International Conference on Intelligent Robots and
               Systems, October 18-22, 2010, Taipei, Taiwan},
  pages     = {2578--2585},
  year      = {2010},
  crossref  = {DBLP:conf/iros/2010},
  url       = {http://dx.doi.org/10.1109/IROS.2010.5650493},
  doi       = {10.1109/IROS.2010.5650493},
  timestamp = {Mon, 11 May 2015 16:37:25 +0200},
  biburl    = {http://dblp.uni-trier.de/rec/bib/conf/iros/RaoLPQSN10},
  bibsource = {dblp computer science bibliography, http://dblp.org}
}

@inproceedings{DBLP:conf/iros/KlingbeilSN10,
  author    = {Ellen Klingbeil and
               Ashutosh Saxena and
               Andrew Y. Ng},
  title     = {Learning to open new doors},
  booktitle = {2010 {IEEE/RSJ} International Conference on Intelligent Robots and
               Systems, October 18-22, 2010, Taipei, Taiwan},
  pages     = {2751--2757},
  year      = {2010},
  crossref  = {DBLP:conf/iros/2010},
  url       = {http://dx.doi.org/10.1109/IROS.2010.5649847},
  doi       = {10.1109/IROS.2010.5649847},
  timestamp = {Mon, 11 May 2015 16:37:25 +0200},
  biburl    = {http://dblp.uni-trier.de/rec/bib/conf/iros/KlingbeilSN10},
  bibsource = {dblp computer science bibliography, http://dblp.org}
}

@inproceedings{DBLP:conf/iros/QuigleyBSPLN10,
  author    = {Morgan Quigley and
               Reuben D. Brewer and
               Sai Prashanth Soundararaj and
               Vijay Pradeep and
               Quoc V. Le and
               Andrew Y. Ng},
  title     = {Low-cost accelerometers for robotic manipulator perception},
  booktitle = {2010 {IEEE/RSJ} International Conference on Intelligent Robots and
               Systems, October 18-22, 2010, Taipei, Taiwan},
  pages     = {6168--6174},
  year      = {2010},
  crossref  = {DBLP:conf/iros/2010},
  url       = {http://dx.doi.org/10.1109/IROS.2010.5649804},
  doi       = {10.1109/IROS.2010.5649804},
  timestamp = {Mon, 11 May 2015 16:37:25 +0200},
  biburl    = {http://dblp.uni-trier.de/rec/bib/conf/iros/QuigleyBSPLN10},
  bibsource = {dblp computer science bibliography, http://dblp.org}
}

@inproceedings{DBLP:conf/nips/KolterBN10,
  author    = {J. Zico Kolter and
               Siddharth Batra and
               Andrew Y. Ng},
  title     = {Energy Disaggregation via Discriminative Sparse Coding},
  booktitle = {Advances in Neural Information Processing Systems 23: 24th Annual
               Conference on Neural Information Processing Systems 2010. Proceedings
               of a meeting held 6-9 December 2010, Vancouver, British Columbia,
               Canada.},
  pages     = {1153--1161},
  year      = {2010},
  crossref  = {DBLP:conf/nips/2010},
  url       = {http://papers.nips.cc/paper/4054-energy-disaggregation-via-discriminative-sparse-coding},
  timestamp = {Thu, 11 Dec 2014 17:34:08 +0100},
  biburl    = {http://dblp.uni-trier.de/rec/bib/conf/nips/KolterBN10},
  bibsource = {dblp computer science bibliography, http://dblp.org}
}

@inproceedings{DBLP:conf/nips/LeNCCKN10,
  author    = {Quoc V. Le and
               Jiquan Ngiam and
               Zhenghao Chen and
               Daniel Jin hao Chia and
               Pang Wei Koh and
               Andrew Y. Ng},
  title     = {Tiled convolutional neural networks},
  booktitle = {Advances in Neural Information Processing Systems 23: 24th Annual
               Conference on Neural Information Processing Systems 2010. Proceedings
               of a meeting held 6-9 December 2010, Vancouver, British Columbia,
               Canada.},
  pages     = {1279--1287},
  year      = {2010},
  crossref  = {DBLP:conf/nips/2010},
  url       = {http://papers.nips.cc/paper/4136-tiled-convolutional-neural-networks},
  timestamp = {Thu, 11 Dec 2014 17:34:08 +0100},
  biburl    = {http://dblp.uni-trier.de/rec/bib/conf/nips/LeNCCKN10},
  bibsource = {dblp computer science bibliography, http://dblp.org}
}

@incollection{DBLP:reference/ml/CoatesAN10,
  author    = {Adam Coates and
               Pieter Abbeel and
               Andrew Y. Ng},
  title     = {Autonomous Helicopter Flight Using Reinforcement Learning},
  booktitle = {Encyclopedia of Machine Learning},
  pages     = {53--61},
  year      = {2010},
  crossref  = {DBLP:reference/ml/2010},
  url       = {http://dx.doi.org/10.1007/978-0-387-30164-8_45},
  doi       = {10.1007/978-0-387-30164-8_45},
  timestamp = {Fri, 25 Nov 2011 17:51:30 +0100},
  biburl    = {http://dblp.uni-trier.de/rec/bib/reference/ml/CoatesAN10},
  bibsource = {dblp computer science bibliography, http://dblp.org}
}

@incollection{DBLP:reference/ml/AbbeelN10,
  author    = {Pieter Abbeel and
               Andrew Y. Ng},
  title     = {Inverse Reinforcement Learning},
  booktitle = {Encyclopedia of Machine Learning},
  pages     = {554--558},
  year      = {2010},
  crossref  = {DBLP:reference/ml/2010},
  url       = {http://dx.doi.org/10.1007/978-0-387-30164-8_417},
  doi       = {10.1007/978-0-387-30164-8_417},
  timestamp = {Fri, 25 Nov 2011 17:51:30 +0100},
  biburl    = {http://dblp.uni-trier.de/rec/bib/reference/ml/AbbeelN10},
  bibsource = {dblp computer science bibliography, http://dblp.org}
}

@article{DBLP:journals/arobots/PetersN09,
  author    = {Jan Peters and
               Andrew Y. Ng},
  title     = {Guest editorial: Special issue on robot learning, Part {A}},
  journal   = {Auton. Robots},
  volume    = {27},
  number    = {1},
  pages     = {1--2},
  year      = {2009},
  url       = {http://dx.doi.org/10.1007/s10514-009-9122-2},
  doi       = {10.1007/s10514-009-9122-2},
  timestamp = {Tue, 16 Dec 2014 00:00:00 +0100},
  biburl    = {http://dblp.uni-trier.de/rec/bib/journals/arobots/PetersN09},
  bibsource = {dblp computer science bibliography, http://dblp.org}
}

@article{DBLP:journals/arobots/PetersN09a,
  author    = {Jan Peters and
               Andrew Y. Ng},
  title     = {Guest editorial: Special issue on robot learning, Part {B}},
  journal   = {Auton. Robots},
  volume    = {27},
  number    = {2},
  pages     = {91--92},
  year      = {2009},
  url       = {http://dx.doi.org/10.1007/s10514-009-9131-1},
  doi       = {10.1007/s10514-009-9131-1},
  timestamp = {Tue, 16 Dec 2014 00:00:00 +0100},
  biburl    = {http://dblp.uni-trier.de/rec/bib/journals/arobots/PetersN09a},
  bibsource = {dblp computer science bibliography, http://dblp.org}
}

@article{DBLP:journals/cacm/CoatesAN09,
  author    = {Adam Coates and
               Pieter Abbeel and
               Andrew Y. Ng},
  title     = {Apprenticeship learning for helicopter control},
  journal   = {Commun. {ACM}},
  volume    = {52},
  number    = {7},
  pages     = {97--105},
  year      = {2009},
  url       = {http://doi.acm.org/10.1145/1538788.1538812},
  doi       = {10.1145/1538788.1538812},
  timestamp = {Thu, 02 Jul 2009 01:00:00 +0200},
  biburl    = {http://dblp.uni-trier.de/rec/bib/journals/cacm/CoatesAN09},
  bibsource = {dblp computer science bibliography, http://dblp.org}
}

@article{DBLP:journals/pami/SaxenaSN09,
  author    = {Ashutosh Saxena and
               Min Sun and
               Andrew Y. Ng},
  title     = {Make3D: Learning 3D Scene Structure from a Single Still Image},
  journal   = {{IEEE} Trans. Pattern Anal. Mach. Intell.},
  volume    = {31},
  number    = {5},
  pages     = {824--840},
  year      = {2009},
  url       = {http://doi.ieeecomputersociety.org/10.1109/TPAMI.2008.132},
  doi       = {10.1109/TPAMI.2008.132},
  timestamp = {Mon, 07 Nov 2011 00:00:00 +0100},
  biburl    = {http://dblp.uni-trier.de/rec/bib/journals/pami/SaxenaSN09},
  bibsource = {dblp computer science bibliography, http://dblp.org}
}

@inproceedings{DBLP:conf/icml/FooDN09,
  author    = {Chuan{-}Sheng Foo and
               Chuong B. Do and
               Andrew Y. Ng},
  title     = {A majorization-minimization algorithm for (multiple) hyperparameter
               learning},
  booktitle = {Proceedings of the 26th Annual International Conference on Machine
               Learning, {ICML} 2009, Montreal, Quebec, Canada, June 14-18, 2009},
  pages     = {321--328},
  year      = {2009},
  crossref  = {DBLP:conf/icml/2009},
  url       = {http://doi.acm.org/10.1145/1553374.1553415},
  doi       = {10.1145/1553374.1553415},
  timestamp = {Mon, 29 Sep 2014 01:00:00 +0200},
  biburl    = {http://dblp.uni-trier.de/rec/bib/conf/icml/FooDN09},
  bibsource = {dblp computer science bibliography, http://dblp.org}
}

@inproceedings{DBLP:conf/icml/KolterN09,
  author    = {J. Zico Kolter and
               Andrew Y. Ng},
  title     = {Near-Bayesian exploration in polynomial time},
  booktitle = {Proceedings of the 26th Annual International Conference on Machine
               Learning, {ICML} 2009, Montreal, Quebec, Canada, June 14-18, 2009},
  pages     = {513--520},
  year      = {2009},
  crossref  = {DBLP:conf/icml/2009},
  url       = {http://doi.acm.org/10.1145/1553374.1553441},
  doi       = {10.1145/1553374.1553441},
  timestamp = {Mon, 29 Sep 2014 01:00:00 +0200},
  biburl    = {http://dblp.uni-trier.de/rec/bib/conf/icml/KolterN09},
  bibsource = {dblp computer science bibliography, http://dblp.org}
}

@inproceedings{DBLP:conf/icml/KolterN09a,
  author    = {J. Zico Kolter and
               Andrew Y. Ng},
  title     = {Regularization and feature selection in least-squares temporal difference
               learning},
  booktitle = {Proceedings of the 26th Annual International Conference on Machine
               Learning, {ICML} 2009, Montreal, Quebec, Canada, June 14-18, 2009},
  pages     = {521--528},
  year      = {2009},
  crossref  = {DBLP:conf/icml/2009},
  url       = {http://doi.acm.org/10.1145/1553374.1553442},
  doi       = {10.1145/1553374.1553442},
  timestamp = {Mon, 29 Sep 2014 01:00:00 +0200},
  biburl    = {http://dblp.uni-trier.de/rec/bib/conf/icml/KolterN09a},
  bibsource = {dblp computer science bibliography, http://dblp.org}
}

@inproceedings{DBLP:conf/icml/LeeGRN09,
  author    = {Honglak Lee and
               Roger B. Grosse and
               Rajesh Ranganath and
               Andrew Y. Ng},
  title     = {Convolutional deep belief networks for scalable unsupervised learning
               of hierarchical representations},
  booktitle = {Proceedings of the 26th Annual International Conference on Machine
               Learning, {ICML} 2009, Montreal, Quebec, Canada, June 14-18, 2009},
  pages     = {609--616},
  year      = {2009},
  crossref  = {DBLP:conf/icml/2009},
  url       = {http://doi.acm.org/10.1145/1553374.1553453},
  doi       = {10.1145/1553374.1553453},
  timestamp = {Mon, 29 Sep 2014 01:00:00 +0200},
  biburl    = {http://dblp.uni-trier.de/rec/bib/conf/icml/LeeGRN09},
  bibsource = {dblp computer science bibliography, http://dblp.org}
}

@inproceedings{DBLP:conf/icml/RainaMN09,
  author    = {Rajat Raina and
               Anand Madhavan and
               Andrew Y. Ng},
  title     = {Large-scale deep unsupervised learning using graphics processors},
  booktitle = {Proceedings of the 26th Annual International Conference on Machine
               Learning, {ICML} 2009, Montreal, Quebec, Canada, June 14-18, 2009},
  pages     = {873--880},
  year      = {2009},
  crossref  = {DBLP:conf/icml/2009},
  url       = {http://doi.acm.org/10.1145/1553374.1553486},
  doi       = {10.1145/1553374.1553486},
  timestamp = {Mon, 29 Sep 2014 01:00:00 +0200},
  biburl    = {http://dblp.uni-trier.de/rec/bib/conf/icml/RainaMN09},
  bibsource = {dblp computer science bibliography, http://dblp.org}
}

@inproceedings{DBLP:conf/icra/SaxenaDN09,
  author    = {Ashutosh Saxena and
               Justin Driemeyer and
               Andrew Y. Ng},
  title     = {Learning 3-D object orientation from images},
  booktitle = {2009 {IEEE} International Conference on Robotics and Automation, {ICRA}
               2009, Kobe, Japan, May 12-17, 2009},
  pages     = {794--800},
  year      = {2009},
  crossref  = {DBLP:conf/icra/2009},
  url       = {http://dx.doi.org/10.1109/ROBOT.2009.5152855},
  doi       = {10.1109/ROBOT.2009.5152855},
  timestamp = {Fri, 15 Jan 2010 08:24:40 +0100},
  biburl    = {http://dblp.uni-trier.de/rec/bib/conf/icra/SaxenaDN09},
  bibsource = {dblp computer science bibliography, http://dblp.org}
}

@inproceedings{DBLP:conf/icra/KolterKN09,
  author    = {J. Zico Kolter and
               Youngjun Kim and
               Andrew Y. Ng},
  title     = {Stereo vision and terrain modeling for quadruped robots},
  booktitle = {2009 {IEEE} International Conference on Robotics and Automation, {ICRA}
               2009, Kobe, Japan, May 12-17, 2009},
  pages     = {1557--1564},
  year      = {2009},
  crossref  = {DBLP:conf/icra/2009},
  url       = {http://dx.doi.org/10.1109/ROBOT.2009.5152795},
  doi       = {10.1109/ROBOT.2009.5152795},
  timestamp = {Thu, 28 Jan 2010 00:00:00 +0100},
  biburl    = {http://dblp.uni-trier.de/rec/bib/conf/icra/KolterKN09},
  bibsource = {dblp computer science bibliography, http://dblp.org}
}

@inproceedings{DBLP:conf/icra/KolterN09,
  author    = {J. Zico Kolter and
               Andrew Y. Ng},
  title     = {Task-space trajectories via cubic spline optimization},
  booktitle = {2009 {IEEE} International Conference on Robotics and Automation, {ICRA}
               2009, Kobe, Japan, May 12-17, 2009},
  pages     = {1675--1682},
  year      = {2009},
  crossref  = {DBLP:conf/icra/2009},
  url       = {http://dx.doi.org/10.1109/ROBOT.2009.5152554},
  doi       = {10.1109/ROBOT.2009.5152554},
  timestamp = {Fri, 15 Jan 2010 08:24:40 +0100},
  biburl    = {http://dblp.uni-trier.de/rec/bib/conf/icra/KolterN09},
  bibsource = {dblp computer science bibliography, http://dblp.org}
}

@inproceedings{DBLP:conf/icra/SaxenaN09,
  author    = {Ashutosh Saxena and
               Andrew Y. Ng},
  title     = {Learning sound location from a single microphone},
  booktitle = {2009 {IEEE} International Conference on Robotics and Automation, {ICRA}
               2009, Kobe, Japan, May 12-17, 2009},
  pages     = {1737--1742},
  year      = {2009},
  crossref  = {DBLP:conf/icra/2009},
  url       = {http://dx.doi.org/10.1109/ROBOT.2009.5152861},
  doi       = {10.1109/ROBOT.2009.5152861},
  timestamp = {Fri, 15 Jan 2010 08:24:40 +0100},
  biburl    = {http://dblp.uni-trier.de/rec/bib/conf/icra/SaxenaN09},
  bibsource = {dblp computer science bibliography, http://dblp.org}
}

@inproceedings{DBLP:conf/icra/HsiaoNHSN09,
  author    = {Kaijen Hsiao and
               Paul Nangeroni and
               Manfred Huber and
               Ashutosh Saxena and
               Andrew Y. Ng},
  title     = {Reactive grasping using optical proximity sensors},
  booktitle = {2009 {IEEE} International Conference on Robotics and Automation, {ICRA}
               2009, Kobe, Japan, May 12-17, 2009},
  pages     = {2098--2105},
  year      = {2009},
  crossref  = {DBLP:conf/icra/2009},
  url       = {http://dx.doi.org/10.1109/ROBOT.2009.5152849},
  doi       = {10.1109/ROBOT.2009.5152849},
  timestamp = {Thu, 28 Jan 2010 00:00:00 +0100},
  biburl    = {http://dblp.uni-trier.de/rec/bib/conf/icra/HsiaoNHSN09},
  bibsource = {dblp computer science bibliography, http://dblp.org}
}

@inproceedings{DBLP:conf/icra/QuigleyBGKLWN09,
  author    = {Morgan Quigley and
               Siddharth Batra and
               Stephen Gould and
               Ellen Klingbeil and
               Quoc V. Le and
               Ashley Wellman and
               Andrew Y. Ng},
  title     = {High-accuracy 3D sensing for mobile manipulation: Improving object
               detection and door opening},
  booktitle = {2009 {IEEE} International Conference on Robotics and Automation, {ICRA}
               2009, Kobe, Japan, May 12-17, 2009},
  pages     = {2816--2822},
  year      = {2009},
  crossref  = {DBLP:conf/icra/2009},
  url       = {http://dx.doi.org/10.1109/ROBOT.2009.5152750},
  doi       = {10.1109/ROBOT.2009.5152750},
  timestamp = {Thu, 28 Jan 2010 00:00:00 +0100},
  biburl    = {http://dblp.uni-trier.de/rec/bib/conf/icra/QuigleyBGKLWN09},
  bibsource = {dblp computer science bibliography, http://dblp.org}
}

@inproceedings{DBLP:conf/ijcai/LeeRTN09,
  author    = {Honglak Lee and
               Rajat Raina and
               Alex Teichman and
               Andrew Y. Ng},
  title     = {Exponential Family Sparse Coding with Application to Self-taught Learning},
  booktitle = {{IJCAI} 2009, Proceedings of the 21st International Joint Conference
               on Artificial Intelligence, Pasadena, California, USA, July 11-17,
               2009},
  pages     = {1113--1119},
  year      = {2009},
  crossref  = {DBLP:conf/ijcai/2009},
  url       = {http://ijcai.org/papers09/Papers/IJCAI09-188.pdf},
  timestamp = {Tue, 13 Oct 2009 12:33:41 +0200},
  biburl    = {http://dblp.uni-trier.de/rec/bib/conf/ijcai/LeeRTN09},
  bibsource = {dblp computer science bibliography, http://dblp.org}
}

@inproceedings{DBLP:conf/iros/LeN09,
  author    = {Quoc V. Le and
               Andrew Y. Ng},
  title     = {Joint calibration of multiple sensors},
  booktitle = {2009 {IEEE/RSJ} International Conference on Intelligent Robots and
               Systems, October 11-15, 2009, St. Louis, MO, {USA}},
  pages     = {3651--3658},
  year      = {2009},
  crossref  = {DBLP:conf/iros/2009},
  url       = {http://dx.doi.org/10.1109/IROS.2009.5354272},
  doi       = {10.1109/IROS.2009.5354272},
  timestamp = {Mon, 11 May 2015 16:37:25 +0200},
  biburl    = {http://dblp.uni-trier.de/rec/bib/conf/iros/LeN09},
  bibsource = {dblp computer science bibliography, http://dblp.org}
}

@inproceedings{DBLP:conf/iros/CoatesBLN09,
  author    = {Adam Coates and
               Paul Baumstarck and
               Quoc V. Le and
               Andrew Y. Ng},
  title     = {Scalable learning for object detection with {GPU} hardware},
  booktitle = {2009 {IEEE/RSJ} International Conference on Intelligent Robots and
               Systems, October 11-15, 2009, St. Louis, MO, {USA}},
  pages     = {4287--4293},
  year      = {2009},
  crossref  = {DBLP:conf/iros/2009},
  url       = {http://dx.doi.org/10.1109/IROS.2009.5354084},
  doi       = {10.1109/IROS.2009.5354084},
  timestamp = {Mon, 11 May 2015 16:37:25 +0200},
  biburl    = {http://dblp.uni-trier.de/rec/bib/conf/iros/CoatesBLN09},
  bibsource = {dblp computer science bibliography, http://dblp.org}
}

@inproceedings{DBLP:conf/nips/GoodfellowLSLN09,
  author    = {Ian J. Goodfellow and
               Quoc V. Le and
               Andrew M. Saxe and
               Honglak Lee and
               Andrew Y. Ng},
  title     = {Measuring Invariances in Deep Networks},
  booktitle = {Advances in Neural Information Processing Systems 22: 23rd Annual
               Conference on Neural Information Processing Systems 2009. Proceedings
               of a meeting held 7-10 December 2009, Vancouver, British Columbia,
               Canada.},
  pages     = {646--654},
  year      = {2009},
  crossref  = {DBLP:conf/nips/2009},
  url       = {http://papers.nips.cc/paper/3790-measuring-invariances-in-deep-networks},
  timestamp = {Thu, 11 Dec 2014 17:34:07 +0100},
  biburl    = {http://dblp.uni-trier.de/rec/bib/conf/nips/GoodfellowLSLN09},
  bibsource = {dblp computer science bibliography, http://dblp.org}
}

@inproceedings{DBLP:conf/nips/LeePLN09,
  author    = {Honglak Lee and
               Peter T. Pham and
               Yan Largman and
               Andrew Y. Ng},
  title     = {Unsupervised feature learning for audio classification using convolutional
               deep belief networks},
  booktitle = {Advances in Neural Information Processing Systems 22: 23rd Annual
               Conference on Neural Information Processing Systems 2009. Proceedings
               of a meeting held 7-10 December 2009, Vancouver, British Columbia,
               Canada.},
  pages     = {1096--1104},
  year      = {2009},
  crossref  = {DBLP:conf/nips/2009},
  url       = {http://papers.nips.cc/paper/3674-unsupervised-feature-learning-for-audio-classification-using-convolutional-deep-belief-networks},
  timestamp = {Thu, 11 Dec 2014 17:34:07 +0100},
  biburl    = {http://dblp.uni-trier.de/rec/bib/conf/nips/LeePLN09},
  bibsource = {dblp computer science bibliography, http://dblp.org}
}

@inproceedings{DBLP:conf/rss/KolterN09,
  author    = {J. Zico Kolter and
               Andrew Y. Ng},
  title     = {Policy search via the signed derivative},
  booktitle = {Robotics: Science and Systems V, University of Washington, Seattle,
               USA, June 28 - July 1, 2009},
  year      = {2009},
  crossref  = {DBLP:conf/rss/2009},
  url       = {http://www.roboticsproceedings.org/rss05/p27.html},
  timestamp = {Sun, 18 Dec 2011 19:46:25 +0100},
  biburl    = {http://dblp.uni-trier.de/rec/bib/conf/rss/KolterN09},
  bibsource = {dblp computer science bibliography, http://dblp.org}
}

@inproceedings{DBLP:conf/vmv/SrivastavaSTTN09,
  author    = {Savil Srivastava and
               Ashutosh Saxena and
               Christian Theobalt and
               Sebastian Thrun and
               Andrew Y. Ng},
  title     = {i23 - Rapid Interactive 3D Reconstruction from a Single Image},
  booktitle = {Proceedings of the Vision, Modeling, and Visualization Workshop 2009,
               November 16-18, 2009, Braunschweig, Germany},
  pages     = {19--28},
  year      = {2009},
  crossref  = {DBLP:conf/vmv/2009},
  timestamp = {Tue, 25 Jan 2011 15:59:15 +0100},
  biburl    = {http://dblp.uni-trier.de/rec/bib/conf/vmv/SrivastavaSTTN09},
  bibsource = {dblp computer science bibliography, http://dblp.org}
}

@proceedings{DBLP:conf/uai/2009,
  editor    = {Jeff A. Bilmes and
               Andrew Y. Ng},
  title     = {{UAI} 2009, Proceedings of the Twenty-Fifth Conference on Uncertainty
               in Artificial Intelligence, Montreal, QC, Canada, June 18-21, 2009},
  publisher = {{AUAI} Press},
  year      = {2009},
  url       = {https://dslpitt.org/uai/displayArticles.jsp?mmnu=1&#38;smnu=1&#38;proceeding_id=25},
  timestamp = {Wed, 06 May 2015 01:00:00 +0200},
  biburl    = {http://dblp.uni-trier.de/rec/bib/conf/uai/2009},
  bibsource = {dblp computer science bibliography, http://dblp.org}
}

@article{DBLP:journals/ijcv/SaxenaCN08,
  author    = {Ashutosh Saxena and
               Sung H. Chung and
               Andrew Y. Ng},
  title     = {3-D Depth Reconstruction from a Single Still Image},
  journal   = {International Journal of Computer Vision},
  volume    = {76},
  number    = {1},
  pages     = {53--69},
  year      = {2008},
  url       = {http://dx.doi.org/10.1007/s11263-007-0071-y},
  doi       = {10.1007/s11263-007-0071-y},
  timestamp = {Tue, 11 Mar 2008 00:00:00 +0100},
  biburl    = {http://dblp.uni-trier.de/rec/bib/journals/ijcv/SaxenaCN08},
  bibsource = {dblp computer science bibliography, http://dblp.org}
}

@article{DBLP:journals/ijrr/SaxenaDN08,
  author    = {Ashutosh Saxena and
               Justin Driemeyer and
               Andrew Y. Ng},
  title     = {Robotic Grasping of Novel Objects using Vision},
  journal   = {I. J. Robotic Res.},
  volume    = {27},
  number    = {2},
  pages     = {157--173},
  year      = {2008},
  url       = {http://dx.doi.org/10.1177/0278364907087172},
  doi       = {10.1177/0278364907087172},
  timestamp = {Tue, 29 Sep 2009 01:00:00 +0200},
  biburl    = {http://dblp.uni-trier.de/rec/bib/journals/ijrr/SaxenaDN08},
  bibsource = {dblp computer science bibliography, http://dblp.org}
}

@inproceedings{DBLP:conf/aaai/SappSN08,
  author    = {Benjamin Sapp and
               Ashutosh Saxena and
               Andrew Y. Ng},
  title     = {A Fast Data Collection and Augmentation Procedure for Object Recognition},
  booktitle = {Proceedings of the Twenty-Third {AAAI} Conference on Artificial Intelligence,
               {AAAI} 2008, Chicago, Illinois, USA, July 13-17, 2008},
  pages     = {1402--1408},
  year      = {2008},
  crossref  = {DBLP:conf/aaai/2008},
  url       = {http://www.aaai.org/Library/AAAI/2008/aaai08-222.php},
  timestamp = {Mon, 10 Dec 2012 00:00:00 +0100},
  biburl    = {http://dblp.uni-trier.de/rec/bib/conf/aaai/SappSN08},
  bibsource = {dblp computer science bibliography, http://dblp.org}
}

@inproceedings{DBLP:conf/aaai/SaxenaWN08,
  author    = {Ashutosh Saxena and
               Lawson L. S. Wong and
               Andrew Y. Ng},
  title     = {Learning Grasp Strategies with Partial Shape Information},
  booktitle = {Proceedings of the Twenty-Third {AAAI} Conference on Artificial Intelligence,
               {AAAI} 2008, Chicago, Illinois, USA, July 13-17, 2008},
  pages     = {1491--1494},
  year      = {2008},
  crossref  = {DBLP:conf/aaai/2008},
  url       = {http://www.aaai.org/Library/AAAI/2008/aaai08-246.php},
  timestamp = {Mon, 10 Dec 2012 00:00:00 +0100},
  biburl    = {http://dblp.uni-trier.de/rec/bib/conf/aaai/SaxenaWN08},
  bibsource = {dblp computer science bibliography, http://dblp.org}
}

@inproceedings{DBLP:conf/aaai/SaxenaSN08,
  author    = {Ashutosh Saxena and
               Min Sun and
               Andrew Y. Ng},
  title     = {Make3D: Depth Perception from a Single Still Image},
  booktitle = {Proceedings of the Twenty-Third {AAAI} Conference on Artificial Intelligence,
               {AAAI} 2008, Chicago, Illinois, USA, July 13-17, 2008},
  pages     = {1571--1576},
  year      = {2008},
  crossref  = {DBLP:conf/aaai/2008},
  url       = {http://www.aaai.org/Library/AAAI/2008/aaai08-265.php},
  timestamp = {Mon, 10 Dec 2012 00:00:00 +0100},
  biburl    = {http://dblp.uni-trier.de/rec/bib/conf/aaai/SaxenaSN08},
  bibsource = {dblp computer science bibliography, http://dblp.org}
}

@inproceedings{DBLP:conf/emnlp/SnowOJN08,
  author    = {Rion Snow and
               Brendan O'Connor and
               Daniel Jurafsky and
               Andrew Y. Ng},
  title     = {Cheap and Fast - But is it Good? Evaluating Non-Expert Annotations
               for Natural Language Tasks},
  booktitle = {2008 Conference on Empirical Methods in Natural Language Processing,
               {EMNLP} 2008, Proceedings of the Conference, 25-27 October 2008, Honolulu,
               Hawaii, USA, {A} meeting of SIGDAT, a Special Interest Group of the
               {ACL}},
  pages     = {254--263},
  year      = {2008},
  crossref  = {DBLP:conf/emnlp/2008},
  url       = {http://www.aclweb.org/anthology/D08-1027},
  timestamp = {Thu, 16 Apr 2009 13:16:16 +0200},
  biburl    = {http://dblp.uni-trier.de/rec/bib/conf/emnlp/SnowOJN08},
  bibsource = {dblp computer science bibliography, http://dblp.org}
}

@inproceedings{DBLP:conf/icml/CoatesAN08,
  author    = {Adam Coates and
               Pieter Abbeel and
               Andrew Y. Ng},
  title     = {Learning for control from multiple demonstrations},
  booktitle = {Machine Learning, Proceedings of the Twenty-Fifth International Conference
               {(ICML} 2008), Helsinki, Finland, June 5-9, 2008},
  pages     = {144--151},
  year      = {2008},
  crossref  = {DBLP:conf/icml/2008},
  url       = {http://doi.acm.org/10.1145/1390156.1390175},
  doi       = {10.1145/1390156.1390175},
  timestamp = {Thu, 14 Aug 2008 13:27:10 +0200},
  biburl    = {http://dblp.uni-trier.de/rec/bib/conf/icml/CoatesAN08},
  bibsource = {dblp computer science bibliography, http://dblp.org}
}

@inproceedings{DBLP:conf/icml/KolterCNGD08,
  author    = {J. Zico Kolter and
               Adam Coates and
               Andrew Y. Ng and
               Yi Gu and
               Charles DuHadway},
  title     = {Space-indexed dynamic programming: learning to follow trajectories},
  booktitle = {Machine Learning, Proceedings of the Twenty-Fifth International Conference
               {(ICML} 2008), Helsinki, Finland, June 5-9, 2008},
  pages     = {488--495},
  year      = {2008},
  crossref  = {DBLP:conf/icml/2008},
  url       = {http://doi.acm.org/10.1145/1390156.1390218},
  doi       = {10.1145/1390156.1390218},
  timestamp = {Thu, 14 Aug 2008 13:27:10 +0200},
  biburl    = {http://dblp.uni-trier.de/rec/bib/conf/icml/KolterCNGD08},
  bibsource = {dblp computer science bibliography, http://dblp.org}
}

@inproceedings{DBLP:conf/icra/KolterRN08,
  author    = {J. Zico Kolter and
               Mike P. Rodgers and
               Andrew Y. Ng},
  title     = {A control architecture for quadruped locomotion over rough terrain},
  booktitle = {2008 {IEEE} International Conference on Robotics and Automation, {ICRA}
               2008, May 19-23, 2008, Pasadena, California, {USA}},
  pages     = {811--818},
  year      = {2008},
  crossref  = {DBLP:conf/icra/2008},
  url       = {http://dx.doi.org/10.1109/ROBOT.2008.4543305},
  doi       = {10.1109/ROBOT.2008.4543305},
  timestamp = {Thu, 06 Nov 2008 14:16:57 +0100},
  biburl    = {http://dblp.uni-trier.de/rec/bib/conf/icra/KolterRN08},
  bibsource = {dblp computer science bibliography, http://dblp.org}
}

@inproceedings{DBLP:conf/iros/AbbeelDNT08,
  author    = {Pieter Abbeel and
               Dmitri Dolgov and
               Andrew Y. Ng and
               Sebastian Thrun},
  title     = {Apprenticeship learning for motion planning with application to parking
               lot navigation},
  booktitle = {2008 {IEEE/RSJ} International Conference on Intelligent Robots and
               Systems, September 22-26, 2008, Acropolis Convention Center, Nice,
               France},
  pages     = {1083--1090},
  year      = {2008},
  crossref  = {DBLP:conf/iros/2008},
  url       = {http://dx.doi.org/10.1109/IROS.2008.4651222},
  doi       = {10.1109/IROS.2008.4651222},
  timestamp = {Mon, 11 May 2015 16:37:25 +0200},
  biburl    = {http://dblp.uni-trier.de/rec/bib/conf/iros/AbbeelDNT08},
  bibsource = {dblp computer science bibliography, http://dblp.org}
}

@inproceedings{DBLP:conf/iser/AbbeelCHN08,
  author    = {Pieter Abbeel and
               Adam Coates and
               Timothy Hunter and
               Andrew Y. Ng},
  title     = {Autonomous Autorotation of an {RC} Helicopter},
  booktitle = {Experimental Robotics, The Eleventh International Symposium, {ISER}
               2008, July 13-16, 2008, Athens, Greece},
  pages     = {385--394},
  year      = {2008},
  crossref  = {DBLP:conf/iser/2008},
  url       = {http://dx.doi.org/10.1007/978-3-642-00196-3_45},
  doi       = {10.1007/978-3-642-00196-3_45},
  timestamp = {Mon, 11 May 2009 21:31:39 +0200},
  biburl    = {http://dblp.uni-trier.de/rec/bib/conf/iser/AbbeelCHN08},
  bibsource = {dblp computer science bibliography, http://dblp.org}
}

@article{DBLP:journals/ijrr/MatsuokaCSCNT07,
  author    = {Masayoshi Matsuoka and
               Alan Chen and
               Surya P. N. Singh and
               Adam Coates and
               Andrew Y. Ng and
               Sebastian Thrun},
  title     = {Autonomous Helicopter Tracking and Localization Using a Self-surveying
               Camera Array},
  journal   = {I. J. Robotic Res.},
  volume    = {26},
  number    = {2},
  pages     = {205--215},
  year      = {2007},
  url       = {http://dx.doi.org/10.1177/0278364906074898},
  doi       = {10.1177/0278364906074898},
  timestamp = {Tue, 29 Sep 2009 01:00:00 +0200},
  biburl    = {http://dblp.uni-trier.de/rec/bib/journals/ijrr/MatsuokaCSCNT07},
  bibsource = {dblp computer science bibliography, http://dblp.org}
}

@inproceedings{DBLP:conf/emnlp/SnowPJN07,
  author    = {Rion Snow and
               Sushant Prakash and
               Daniel Jurafsky and
               Andrew Y. Ng},
  title     = {Learning to Merge Word Senses},
  booktitle = {EMNLP-CoNLL 2007, Proceedings of the 2007 Joint Conference on Empirical
               Methods in Natural Language Processing and Computational Natural Language
               Learning, June 28-30, 2007, Prague, Czech Republic},
  pages     = {1005--1014},
  year      = {2007},
  crossref  = {DBLP:conf/emnlp/2007},
  url       = {http://www.aclweb.org/anthology/D07-1107},
  timestamp = {Thu, 22 Jan 2015 16:51:46 +0100},
  biburl    = {http://dblp.uni-trier.de/rec/bib/conf/emnlp/SnowPJN07},
  bibsource = {dblp computer science bibliography, http://dblp.org}
}

@inproceedings{DBLP:conf/iccv/SaxenaSN07,
  author    = {Ashutosh Saxena and
               Min Sun and
               Andrew Y. Ng},
  title     = {Learning 3-D Scene Structure from a Single Still Image},
  booktitle = {{IEEE} 11th International Conference on Computer Vision, {ICCV} 2007,
               Rio de Janeiro, Brazil, October 14-20, 2007},
  pages     = {1--8},
  year      = {2007},
  crossref  = {DBLP:conf/iccv/2007},
  url       = {http://dx.doi.org/10.1109/ICCV.2007.4408828},
  doi       = {10.1109/ICCV.2007.4408828},
  timestamp = {Tue, 04 Nov 2008 11:00:42 +0100},
  biburl    = {http://dblp.uni-trier.de/rec/bib/conf/iccv/SaxenaSN07},
  bibsource = {dblp computer science bibliography, http://dblp.org}
}

@inproceedings{DBLP:conf/iccv/SaxenaSN07a,
  author    = {Ashutosh Saxena and
               Min Sun and
               Andrew Y. Ng},
  title     = {3-D Reconstruction from Sparse Views using Monocular Vision},
  booktitle = {{IEEE} 11th International Conference on Computer Vision, {ICCV} 2007,
               Rio de Janeiro, Brazil, October 14-20, 2007},
  pages     = {1--8},
  year      = {2007},
  crossref  = {DBLP:conf/iccv/2007},
  url       = {http://dx.doi.org/10.1109/ICCV.2007.4409219},
  doi       = {10.1109/ICCV.2007.4409219},
  timestamp = {Tue, 04 Nov 2008 11:00:42 +0100},
  biburl    = {http://dblp.uni-trier.de/rec/bib/conf/iccv/SaxenaSN07a},
  bibsource = {dblp computer science bibliography, http://dblp.org}
}

@inproceedings{DBLP:conf/icml/RainaBLPN07,
  author    = {Rajat Raina and
               Alexis Battle and
               Honglak Lee and
               Benjamin Packer and
               Andrew Y. Ng},
  title     = {Self-taught learning: transfer learning from unlabeled data},
  booktitle = {Machine Learning, Proceedings of the Twenty-Fourth International Conference
               {(ICML} 2007), Corvallis, Oregon, USA, June 20-24, 2007},
  pages     = {759--766},
  year      = {2007},
  crossref  = {DBLP:conf/icml/2007},
  url       = {http://doi.acm.org/10.1145/1273496.1273592},
  doi       = {10.1145/1273496.1273592},
  timestamp = {Fri, 01 Jul 2011 12:24:37 +0200},
  biburl    = {http://dblp.uni-trier.de/rec/bib/conf/icml/RainaBLPN07},
  bibsource = {dblp computer science bibliography, http://dblp.org}
}

@inproceedings{DBLP:conf/ijcai/GouldAKSMBBCN07,
  author    = {Stephen Gould and
               Joakim Arfvidsson and
               Adrian Kaehler and
               Benjamin Sapp and
               Marius Messner and
               Gary R. Bradski and
               Paul Baumstarck and
               Sukwon Chung and
               Andrew Y. Ng},
  title     = {Peripheral-Foveal Vision for Real-time Object Recognition and Tracking
               in Video},
  booktitle = {{IJCAI} 2007, Proceedings of the 20th International Joint Conference
               on Artificial Intelligence, Hyderabad, India, January 6-12, 2007},
  pages     = {2115--2121},
  year      = {2007},
  crossref  = {DBLP:conf/ijcai/2007},
  url       = {http://dli.iiit.ac.in/ijcai/IJCAI-2007/PDF/IJCAI07-341.pdf},
  timestamp = {Fri, 19 Dec 2008 17:01:54 +0100},
  biburl    = {http://dblp.uni-trier.de/rec/bib/conf/ijcai/GouldAKSMBBCN07},
  bibsource = {dblp computer science bibliography, http://dblp.org}
}

@inproceedings{DBLP:conf/ijcai/PetrovskayaN07,
  author    = {Anna Petrovskaya and
               Andrew Y. Ng},
  title     = {Probabilistic Mobile Manipulation in Dynamic Environments, with Application
               to Opening Doors},
  booktitle = {{IJCAI} 2007, Proceedings of the 20th International Joint Conference
               on Artificial Intelligence, Hyderabad, India, January 6-12, 2007},
  pages     = {2178--2184},
  year      = {2007},
  crossref  = {DBLP:conf/ijcai/2007},
  url       = {http://dli.iiit.ac.in/ijcai/IJCAI-2007/PDF/IJCAI07-351.pdf},
  timestamp = {Fri, 19 Dec 2008 17:01:54 +0100},
  biburl    = {http://dblp.uni-trier.de/rec/bib/conf/ijcai/PetrovskayaN07},
  bibsource = {dblp computer science bibliography, http://dblp.org}
}

@inproceedings{DBLP:conf/ijcai/SaxenaSN07,
  author    = {Ashutosh Saxena and
               Jamie Schulte and
               Andrew Y. Ng},
  title     = {Depth Estimation Using Monocular and Stereo Cues},
  booktitle = {{IJCAI} 2007, Proceedings of the 20th International Joint Conference
               on Artificial Intelligence, Hyderabad, India, January 6-12, 2007},
  pages     = {2197--2203},
  year      = {2007},
  crossref  = {DBLP:conf/ijcai/2007},
  url       = {http://dli.iiit.ac.in/ijcai/IJCAI-2007/PDF/IJCAI07-354.pdf},
  timestamp = {Fri, 19 Dec 2008 17:01:54 +0100},
  biburl    = {http://dblp.uni-trier.de/rec/bib/conf/ijcai/SaxenaSN07},
  bibsource = {dblp computer science bibliography, http://dblp.org}
}

@inproceedings{DBLP:conf/ijcai/KremenekNE07,
  author    = {Ted Kremenek and
               Andrew Y. Ng and
               Dawson R. Engler},
  title     = {A Factor Graph Model for Software Bug Finding},
  booktitle = {{IJCAI} 2007, Proceedings of the 20th International Joint Conference
               on Artificial Intelligence, Hyderabad, India, January 6-12, 2007},
  pages     = {2510--2516},
  year      = {2007},
  crossref  = {DBLP:conf/ijcai/2007},
  url       = {http://dli.iiit.ac.in/ijcai/IJCAI-2007/PDF/IJCAI07-404.pdf},
  timestamp = {Fri, 19 Dec 2008 17:01:54 +0100},
  biburl    = {http://dblp.uni-trier.de/rec/bib/conf/ijcai/KremenekNE07},
  bibsource = {dblp computer science bibliography, http://dblp.org}
}

@inproceedings{DBLP:conf/isrr/SaxenaWQN07,
  author    = {Ashutosh Saxena and
               Lawson L. S. Wong and
               Morgan Quigley and
               Andrew Y. Ng},
  title     = {A Vision-Based System for Grasping Novel Objects in Cluttered Environments},
  booktitle = {Robotics Research - The 13th International Symposium, {ISRR} 2007,
               November 26-29, 2007 in Hiroshima, Japan},
  pages     = {337--348},
  year      = {2007},
  crossref  = {DBLP:conf/isrr/2007},
  url       = {http://dx.doi.org/10.1007/978-3-642-14743-2_28},
  doi       = {10.1007/978-3-642-14743-2_28},
  timestamp = {Sat, 10 Sep 2011 21:01:22 +0200},
  biburl    = {http://dblp.uni-trier.de/rec/bib/conf/isrr/SaxenaWQN07},
  bibsource = {dblp computer science bibliography, http://dblp.org}
}

@inproceedings{DBLP:conf/nips/DoFN07,
  author    = {Chuong B. Do and
               Chuan{-}Sheng Foo and
               Andrew Y. Ng},
  title     = {Efficient multiple hyperparameter learning for log-linear models},
  booktitle = {Advances in Neural Information Processing Systems 20, Proceedings
               of the Twenty-First Annual Conference on Neural Information Processing
               Systems, Vancouver, British Columbia, Canada, December 3-6, 2007},
  pages     = {377--384},
  year      = {2007},
  crossref  = {DBLP:conf/nips/2007},
  url       = {http://papers.nips.cc/paper/3286-efficient-multiple-hyperparameter-learning-for-log-linear-models},
  timestamp = {Thu, 11 Dec 2014 17:34:07 +0100},
  biburl    = {http://dblp.uni-trier.de/rec/bib/conf/nips/DoFN07},
  bibsource = {dblp computer science bibliography, http://dblp.org}
}

@inproceedings{DBLP:conf/nips/KolterAN07,
  author    = {J. Zico Kolter and
               Pieter Abbeel and
               Andrew Y. Ng},
  title     = {Hierarchical Apprenticeship Learning with Application to Quadruped
               Locomotion},
  booktitle = {Advances in Neural Information Processing Systems 20, Proceedings
               of the Twenty-First Annual Conference on Neural Information Processing
               Systems, Vancouver, British Columbia, Canada, December 3-6, 2007},
  pages     = {769--776},
  year      = {2007},
  crossref  = {DBLP:conf/nips/2007},
  url       = {http://papers.nips.cc/paper/3253-hierarchical-apprenticeship-learning-with-application-to-quadruped-locomotion},
  timestamp = {Thu, 11 Dec 2014 17:34:07 +0100},
  biburl    = {http://dblp.uni-trier.de/rec/bib/conf/nips/KolterAN07},
  bibsource = {dblp computer science bibliography, http://dblp.org}
}

@inproceedings{DBLP:conf/nips/LeeEN07,
  author    = {Honglak Lee and
               Chaitanya Ekanadham and
               Andrew Y. Ng},
  title     = {Sparse deep belief net model for visual area {V2}},
  booktitle = {Advances in Neural Information Processing Systems 20, Proceedings
               of the Twenty-First Annual Conference on Neural Information Processing
               Systems, Vancouver, British Columbia, Canada, December 3-6, 2007},
  pages     = {873--880},
  year      = {2007},
  crossref  = {DBLP:conf/nips/2007},
  url       = {http://papers.nips.cc/paper/3313-sparse-deep-belief-net-model-for-visual-area-v2},
  timestamp = {Thu, 11 Dec 2014 17:34:07 +0100},
  biburl    = {http://dblp.uni-trier.de/rec/bib/conf/nips/LeeEN07},
  bibsource = {dblp computer science bibliography, http://dblp.org}
}

@inproceedings{DBLP:conf/rss/KolterN07,
  author    = {J. Zico Kolter and
               Andrew Y. Ng},
  title     = {Learning omnidirectional path following using dimensionality reduction},
  booktitle = {Robotics: Science and Systems III, June 27-30, 2007, Georgia Institute
               of Technology, Atlanta, Georgia, {USA}},
  year      = {2007},
  crossref  = {DBLP:conf/rss/2007},
  url       = {http://www.roboticsproceedings.org/rss03/p33.html},
  timestamp = {Wed, 05 Nov 2008 00:00:00 +0100},
  biburl    = {http://dblp.uni-trier.de/rec/bib/conf/rss/KolterN07},
  bibsource = {dblp computer science bibliography, http://dblp.org}
}

@inproceedings{DBLP:conf/uai/GrosseRKN07,
  author    = {Roger B. Grosse and
               Rajat Raina and
               Helen Kwong and
               Andrew Y. Ng},
  title     = {Shift-Invariance Sparse Coding for Audio Classification},
  booktitle = {{UAI} 2007, Proceedings of the Twenty-Third Conference on Uncertainty
               in Artificial Intelligence, Vancouver, BC, Canada, July 19-22, 2007},
  pages     = {149--158},
  year      = {2007},
  crossref  = {DBLP:conf/uai/2007},
  url       = {https://dslpitt.org/uai/displayArticleDetails.jsp?mmnu=1&#38;smnu=2&#38;article_id=1685&#38;proceeding_id=23},
  timestamp = {Wed, 06 May 2015 15:02:53 +0200},
  biburl    = {http://dblp.uni-trier.de/rec/bib/conf/uai/GrosseRKN07},
  bibsource = {dblp computer science bibliography, http://dblp.org}
}

@article{DBLP:journals/jmlr/AbbeelKN06,
  author    = {Pieter Abbeel and
               Daphne Koller and
               Andrew Y. Ng},
  title     = {Learning Factor Graphs in Polynomial Time and Sample Complexity},
  journal   = {Journal of Machine Learning Research},
  volume    = {7},
  pages     = {1743--1788},
  year      = {2006},
  url       = {http://www.jmlr.org/papers/v7/abbeel06a.html},
  timestamp = {Wed, 21 Feb 2007 00:00:00 +0100},
  biburl    = {http://dblp.uni-trier.de/rec/bib/journals/jmlr/AbbeelKN06},
  bibsource = {dblp computer science bibliography, http://dblp.org}
}

@inproceedings{DBLP:conf/aaai/LeeLAN06,
  author    = {Su{-}In Lee and
               Honglak Lee and
               Pieter Abbeel and
               Andrew Y. Ng},
  title     = {Efficient {L1} Regularized Logistic Regression},
  booktitle = {Proceedings, The Twenty-First National Conference on Artificial Intelligence
               and the Eighteenth Innovative Applications of Artificial Intelligence
               Conference, July 16-20, 2006, Boston, Massachusetts, {USA}},
  pages     = {401--408},
  year      = {2006},
  crossref  = {DBLP:conf/aaai/2006},
  url       = {http://www.aaai.org/Library/AAAI/2006/aaai06-064.php},
  timestamp = {Mon, 19 Mar 2012 00:00:00 +0100},
  biburl    = {http://dblp.uni-trier.de/rec/bib/conf/aaai/LeeLAN06},
  bibsource = {dblp computer science bibliography, http://dblp.org}
}

@inproceedings{DBLP:conf/acl/SnowJN06,
  author    = {Rion Snow and
               Daniel Jurafsky and
               Andrew Y. Ng},
  title     = {Semantic Taxonomy Induction from Heterogenous Evidence},
  booktitle = {{ACL} 2006, 21st International Conference on Computational Linguistics
               and 44th Annual Meeting of the Association for Computational Linguistics,
               Proceedings of the Conference, Sydney, Australia, 17-21 July 2006},
  year      = {2006},
  crossref  = {DBLP:conf/acl/2006},
  url       = {http://aclweb.org/anthology/P06-1101},
  timestamp = {Mon, 04 Mar 2013 20:57:24 +0100},
  biburl    = {http://dblp.uni-trier.de/rec/bib/conf/acl/SnowJN06},
  bibsource = {dblp computer science bibliography, http://dblp.org}
}

@inproceedings{DBLP:conf/alt/Ng06,
  author    = {Andrew Y. Ng},
  title     = {Reinforcement Learning and Apprenticeship Learning for Robotic Control},
  booktitle = {Algorithmic Learning Theory, 17th International Conference, {ALT}
               2006, Barcelona, Spain, October 7-10, 2006, Proceedings},
  pages     = {29--31},
  year      = {2006},
  crossref  = {DBLP:conf/alt/2006},
  url       = {http://dx.doi.org/10.1007/11894841_6},
  doi       = {10.1007/11894841_6},
  timestamp = {Tue, 24 Oct 2006 15:13:23 +0200},
  biburl    = {http://dblp.uni-trier.de/rec/bib/conf/alt/Ng06},
  bibsource = {dblp computer science bibliography, http://dblp.org}
}

@inproceedings{DBLP:conf/chi/BrzozowskiCKMHN06,
  author    = {Mike Brzozowski and
               Kendra Carattini and
               Scott R. Klemmer and
               Patrick Mihelich and
               Jiang Hu and
               Andrew Y. Ng},
  title     = {groupTime: preference based group scheduling},
  booktitle = {Proceedings of the 2006 Conference on Human Factors in Computing Systems,
               {CHI} 2006, Montr{\'{e}}al, Qu{\'{e}}bec, Canada, April 22-27, 2006},
  pages     = {1047--1056},
  year      = {2006},
  crossref  = {DBLP:conf/chi/2006},
  url       = {http://doi.acm.org/10.1145/1124772.1124929},
  doi       = {10.1145/1124772.1124929},
  timestamp = {Tue, 26 Sep 2006 13:11:50 +0200},
  biburl    = {http://dblp.uni-trier.de/rec/bib/conf/chi/BrzozowskiCKMHN06},
  bibsource = {dblp computer science bibliography, http://dblp.org}
}

@inproceedings{DBLP:conf/cvpr/DelageLN06,
  author    = {Erick Delage and
               Honglak Lee and
               Andrew Y. Ng},
  title     = {A Dynamic Bayesian Network Model for Autonomous 3D Reconstruction
               from a Single Indoor Image},
  booktitle = {2006 {IEEE} Computer Society Conference on Computer Vision and Pattern
               Recognition {(CVPR} 2006), 17-22 June 2006, New York, NY, {USA}},
  pages     = {2418--2428},
  year      = {2006},
  crossref  = {DBLP:conf/cvpr/2006},
  url       = {http://dx.doi.org/10.1109/CVPR.2006.23},
  doi       = {10.1109/CVPR.2006.23},
  timestamp = {Tue, 25 Nov 2014 17:05:17 +0100},
  biburl    = {http://dblp.uni-trier.de/rec/bib/conf/cvpr/DelageLN06},
  bibsource = {dblp computer science bibliography, http://dblp.org}
}

@inproceedings{DBLP:conf/dis/Ng06,
  author    = {Andrew Y. Ng},
  title     = {Reinforcement Learning and Apprenticeship Learning for Robotic Control},
  booktitle = {Discovery Science, 9th International Conference, {DS} 2006, Barcelona,
               Spain, October 7-10, 2006, Proceedings},
  pages     = {14},
  year      = {2006},
  crossref  = {DBLP:conf/dis/2006},
  url       = {http://dx.doi.org/10.1007/11893318_3},
  doi       = {10.1007/11893318_3},
  timestamp = {Wed, 11 Mar 2009 00:00:00 +0100},
  biburl    = {http://dblp.uni-trier.de/rec/bib/conf/dis/Ng06},
  bibsource = {dblp computer science bibliography, http://dblp.org}
}

@inproceedings{DBLP:conf/emnlp/FinkelMN06,
  author    = {Jenny Rose Finkel and
               Christopher D. Manning and
               Andrew Y. Ng},
  title     = {Solving the Problem of Cascading Errors: Approximate Bayesian Inference
               for Linguistic Annotation Pipelines},
  booktitle = {{EMNLP} 2007, Proceedings of the 2006 Conference on Empirical Methods
               in Natural Language Processing, 22-23 July 2006, Sydney, Australia},
  pages     = {618--626},
  year      = {2006},
  crossref  = {DBLP:conf/emnlp/2006},
  url       = {http://www.aclweb.org/anthology/W06-1673},
  timestamp = {Wed, 23 Jun 2010 10:51:58 +0200},
  biburl    = {http://dblp.uni-trier.de/rec/bib/conf/emnlp/FinkelMN06},
  bibsource = {dblp computer science bibliography, http://dblp.org}
}

@inproceedings{DBLP:conf/icml/AbbeelQN06,
  author    = {Pieter Abbeel and
               Morgan Quigley and
               Andrew Y. Ng},
  title     = {Using inaccurate models in reinforcement learning},
  booktitle = {Machine Learning, Proceedings of the Twenty-Third International Conference
               {(ICML} 2006), Pittsburgh, Pennsylvania, USA, June 25-29, 2006},
  pages     = {1--8},
  year      = {2006},
  crossref  = {DBLP:conf/icml/2006},
  url       = {http://doi.acm.org/10.1145/1143844.1143845},
  doi       = {10.1145/1143844.1143845},
  timestamp = {Mon, 22 Oct 2007 13:47:35 +0200},
  biburl    = {http://dblp.uni-trier.de/rec/bib/conf/icml/AbbeelQN06},
  bibsource = {dblp computer science bibliography, http://dblp.org}
}

@inproceedings{DBLP:conf/icml/RainaNK06,
  author    = {Rajat Raina and
               Andrew Y. Ng and
               Daphne Koller},
  title     = {Constructing informative priors using transfer learning},
  booktitle = {Machine Learning, Proceedings of the Twenty-Third International Conference
               {(ICML} 2006), Pittsburgh, Pennsylvania, USA, June 25-29, 2006},
  pages     = {713--720},
  year      = {2006},
  crossref  = {DBLP:conf/icml/2006},
  url       = {http://doi.acm.org/10.1145/1143844.1143934},
  doi       = {10.1145/1143844.1143934},
  timestamp = {Mon, 22 Oct 2007 13:47:35 +0200},
  biburl    = {http://dblp.uni-trier.de/rec/bib/conf/icml/RainaNK06},
  bibsource = {dblp computer science bibliography, http://dblp.org}
}

@inproceedings{DBLP:conf/icra/PetrovskayaKTN06,
  author    = {Anna Petrovskaya and
               Oussama Khatib and
               Sebastian Thrun and
               Andrew Y. Ng},
  title     = {Bayesian Estimation for Autonomous Object Manipulation based on Tactile
               Sensors},
  booktitle = {Proceedings of the 2006 {IEEE} International Conference on Robotics
               and Automation, {ICRA} 2006, May 15-19, 2006, Orlando, Florida, {USA}},
  pages     = {707--714},
  year      = {2006},
  crossref  = {DBLP:conf/icra/2006},
  url       = {http://dx.doi.org/10.1109/ROBOT.2006.1641793},
  doi       = {10.1109/ROBOT.2006.1641793},
  timestamp = {Wed, 20 Feb 2013 00:00:00 +0100},
  biburl    = {http://dblp.uni-trier.de/rec/bib/conf/icra/PetrovskayaKTN06},
  bibsource = {dblp computer science bibliography, http://dblp.org}
}

@inproceedings{DBLP:conf/icra/LeeSYSN06,
  author    = {Honglak Lee and
               Yirong Shen and
               Chih{-}Han Yu and
               Gurjeet Singh and
               Andrew Y. Ng},
  title     = {Quadruped Robot Obstacle Negotiation via Reinforcement Learning},
  booktitle = {Proceedings of the 2006 {IEEE} International Conference on Robotics
               and Automation, {ICRA} 2006, May 15-19, 2006, Orlando, Florida, {USA}},
  pages     = {3003--3010},
  year      = {2006},
  crossref  = {DBLP:conf/icra/2006},
  url       = {http://dx.doi.org/10.1109/ROBOT.2006.1642158},
  doi       = {10.1109/ROBOT.2006.1642158},
  timestamp = {Wed, 20 Feb 2013 00:00:00 +0100},
  biburl    = {http://dblp.uni-trier.de/rec/bib/conf/icra/LeeSYSN06},
  bibsource = {dblp computer science bibliography, http://dblp.org}
}

@inproceedings{DBLP:conf/interspeech/KrsmanovicSJN06,
  author    = {Filip Krsmanovic and
               Curtis Spencer and
               Daniel Jurafsky and
               Andrew Y. Ng},
  title     = {Have we met? {MDP} based speaker {ID} for robot dialogue},
  booktitle = {{INTERSPEECH} 2006 - ICSLP, Ninth International Conference on Spoken
               Language Processing, Pittsburgh, PA, USA, September 17-21, 2006},
  year      = {2006},
  crossref  = {DBLP:conf/interspeech/2006},
  url       = {http://www.isca-speech.org/archive/interspeech_2006/i06_1193.html},
  timestamp = {Fri, 11 Mar 2011 14:41:35 +0100},
  biburl    = {http://dblp.uni-trier.de/rec/bib/conf/interspeech/KrsmanovicSJN06},
  bibsource = {dblp computer science bibliography, http://dblp.org}
}

@inproceedings{DBLP:conf/iser/SaxenaDKON06,
  author    = {Ashutosh Saxena and
               Justin Driemeyer and
               Justin Kearns and
               Chioma Osondu and
               Andrew Y. Ng},
  title     = {Learning to Grasp Novel Objects Using Vision},
  booktitle = {Experimental Robotics, The 10th International Symposium on Experimental
               Robotics {[ISER} '06, July 6-10, 2006, Rio de Janeiro, Brazil]},
  pages     = {33--42},
  year      = {2006},
  crossref  = {DBLP:conf/iser/2006},
  url       = {http://dx.doi.org/10.1007/978-3-540-77457-0_4},
  doi       = {10.1007/978-3-540-77457-0_4},
  timestamp = {Mon, 22 Sep 2008 11:22:42 +0200},
  biburl    = {http://dblp.uni-trier.de/rec/bib/conf/iser/SaxenaDKON06},
  bibsource = {dblp computer science bibliography, http://dblp.org}
}

@inproceedings{DBLP:conf/nips/AbbeelCQN06,
  author    = {Pieter Abbeel and
               Adam Coates and
               Morgan Quigley and
               Andrew Y. Ng},
  title     = {An Application of Reinforcement Learning to Aerobatic Helicopter Flight},
  booktitle = {Advances in Neural Information Processing Systems 19, Proceedings
               of the Twentieth Annual Conference on Neural Information Processing
               Systems, Vancouver, British Columbia, Canada, December 4-7, 2006},
  pages     = {1--8},
  year      = {2006},
  crossref  = {DBLP:conf/nips/2006},
  url       = {http://papers.nips.cc/paper/3151-an-application-of-reinforcement-learning-to-aerobatic-helicopter-flight},
  timestamp = {Tue, 05 Jan 2016 17:17:56 +0100},
  biburl    = {http://dblp.uni-trier.de/rec/bib/conf/nips/AbbeelCQN06},
  bibsource = {dblp computer science bibliography, http://dblp.org}
}

@inproceedings{DBLP:conf/nips/ChuKLYBNO06,
  author    = {Cheng{-}Tao Chu and
               Sang Kyun Kim and
               Yi{-}An Lin and
               YuanYuan Yu and
               Gary R. Bradski and
               Andrew Y. Ng and
               Kunle Olukotun},
  title     = {Map-Reduce for Machine Learning on Multicore},
  booktitle = {Advances in Neural Information Processing Systems 19, Proceedings
               of the Twentieth Annual Conference on Neural Information Processing
               Systems, Vancouver, British Columbia, Canada, December 4-7, 2006},
  pages     = {281--288},
  year      = {2006},
  crossref  = {DBLP:conf/nips/2006},
  url       = {http://papers.nips.cc/paper/3150-map-reduce-for-machine-learning-on-multicore},
  timestamp = {Tue, 05 Jan 2016 17:17:56 +0100},
  biburl    = {http://dblp.uni-trier.de/rec/bib/conf/nips/ChuKLYBNO06},
  bibsource = {dblp computer science bibliography, http://dblp.org}
}

@inproceedings{DBLP:conf/nips/LeeBRN06,
  author    = {Honglak Lee and
               Alexis Battle and
               Rajat Raina and
               Andrew Y. Ng},
  title     = {Efficient sparse coding algorithms},
  booktitle = {Advances in Neural Information Processing Systems 19, Proceedings
               of the Twentieth Annual Conference on Neural Information Processing
               Systems, Vancouver, British Columbia, Canada, December 4-7, 2006},
  pages     = {801--808},
  year      = {2006},
  crossref  = {DBLP:conf/nips/2006},
  url       = {http://papers.nips.cc/paper/2979-efficient-sparse-coding-algorithms},
  timestamp = {Tue, 05 Jan 2016 17:17:56 +0100},
  biburl    = {http://dblp.uni-trier.de/rec/bib/conf/nips/LeeBRN06},
  bibsource = {dblp computer science bibliography, http://dblp.org}
}

@inproceedings{DBLP:conf/nips/SaxenaDKN06,
  author    = {Ashutosh Saxena and
               Justin Driemeyer and
               Justin Kearns and
               Andrew Y. Ng},
  title     = {Robotic Grasping of Novel Objects},
  booktitle = {Advances in Neural Information Processing Systems 19, Proceedings
               of the Twentieth Annual Conference on Neural Information Processing
               Systems, Vancouver, British Columbia, Canada, December 4-7, 2006},
  pages     = {1209--1216},
  year      = {2006},
  crossref  = {DBLP:conf/nips/2006},
  url       = {http://papers.nips.cc/paper/3010-robotic-grasping-of-novel-objects},
  timestamp = {Tue, 05 Jan 2016 17:17:56 +0100},
  biburl    = {http://dblp.uni-trier.de/rec/bib/conf/nips/SaxenaDKN06},
  bibsource = {dblp computer science bibliography, http://dblp.org}
}

@inproceedings{DBLP:conf/osdi/KremenekTBNE06,
  author    = {Ted Kremenek and
               Paul Twohey and
               Godmar Back and
               Andrew Y. Ng and
               Dawson R. Engler},
  title     = {From Uncertainty to Belief: Inferring the Specification Within},
  booktitle = {7th Symposium on Operating Systems Design and Implementation {(OSDI}
               '06), November 6-8, Seattle, WA, {USA}},
  pages     = {161--176},
  year      = {2006},
  crossref  = {DBLP:conf/osdi/2006},
  url       = {http://www.usenix.org/events/osdi06/tech/kremenek.html},
  timestamp = {Thu, 15 May 2014 18:36:23 +0200},
  biburl    = {http://dblp.uni-trier.de/rec/bib/conf/osdi/KremenekTBNE06},
  bibsource = {dblp computer science bibliography, http://dblp.org}
}

@inproceedings{DBLP:conf/sigir/MinkovCN06,
  author    = {Einat Minkov and
               William W. Cohen and
               Andrew Y. Ng},
  title     = {Contextual search and name disambiguation in email using graphs},
  booktitle = {{SIGIR} 2006: Proceedings of the 29th Annual International {ACM} {SIGIR}
               Conference on Research and Development in Information Retrieval, Seattle,
               Washington, USA, August 6-11, 2006},
  pages     = {27--34},
  year      = {2006},
  crossref  = {DBLP:conf/sigir/2006},
  url       = {http://doi.acm.org/10.1145/1148170.1148179},
  doi       = {10.1145/1148170.1148179},
  timestamp = {Wed, 30 Aug 2006 12:54:42 +0200},
  biburl    = {http://dblp.uni-trier.de/rec/bib/conf/sigir/MinkovCN06},
  bibsource = {dblp computer science bibliography, http://dblp.org}
}

@article{DBLP:journals/aim/HeckermanBGN05,
  author    = {David Heckerman and
               Tom Berson and
               Joshua Goodman and
               Andrew Y. Ng},
  title     = {The First Conference on E-mail and Anti-Spam},
  journal   = {{AI} Magazine},
  volume    = {26},
  number    = {1},
  pages     = {96},
  year      = {2005},
  url       = {http://www.aaai.org/ojs/index.php/aimagazine/article/view/1803},
  timestamp = {Fri, 11 Nov 2011 00:00:00 +0100},
  biburl    = {http://dblp.uni-trier.de/rec/bib/journals/aim/HeckermanBGN05},
  bibsource = {dblp computer science bibliography, http://dblp.org}
}

@inproceedings{DBLP:conf/aaai/RainaNM05,
  author    = {Rajat Raina and
               Andrew Y. Ng and
               Christopher D. Manning},
  title     = {Robust Textual Inference Via Learning and Abductive Reasoning},
  booktitle = {Proceedings, The Twentieth National Conference on Artificial Intelligence
               and the Seventeenth Innovative Applications of Artificial Intelligence
               Conference, July 9-13, 2005, Pittsburgh, Pennsylvania, {USA}},
  pages     = {1099--1105},
  year      = {2005},
  crossref  = {DBLP:conf/aaai/2005},
  url       = {http://www.aaai.org/Library/AAAI/2005/aaai05-174.php},
  timestamp = {Mon, 10 Dec 2012 00:00:00 +0100},
  biburl    = {http://dblp.uni-trier.de/rec/bib/conf/aaai/RainaNM05},
  bibsource = {dblp computer science bibliography, http://dblp.org}
}

@inproceedings{DBLP:conf/ceas/LeeN05,
  author    = {Honglak Lee and
               Andrew Y. Ng},
  title     = {Spam Deobfuscation using a Hidden Markov Model},
  booktitle = {{CEAS} 2005 - Second Conference on Email and Anti-Spam, July 21-22,
               2005, Stanford University, California, {USA}},
  year      = {2005},
  crossref  = {DBLP:conf/ceas/2005},
  url       = {http://www.ceas.cc/papers-2005/166.pdf},
  timestamp = {Thu, 01 Jun 2006 15:34:42 +0200},
  biburl    = {http://dblp.uni-trier.de/rec/bib/conf/ceas/LeeN05},
  bibsource = {dblp computer science bibliography, http://dblp.org}
}

@inproceedings{DBLP:conf/cvpr/AnguelovTCKGHN05,
  author    = {Dragomir Anguelov and
               Benjamin Taskar and
               Vassil Chatalbashev and
               Daphne Koller and
               Dinkar Gupta and
               Geremy Heitz and
               Andrew Y. Ng},
  title     = {Discriminative Learning of Markov Random Fields for Segmentation of
               3D Scan Data},
  booktitle = {2005 {IEEE} Computer Society Conference on Computer Vision and Pattern
               Recognition {(CVPR} 2005), 20-26 June 2005, San Diego, CA, {USA}},
  pages     = {169--176},
  year      = {2005},
  crossref  = {DBLP:conf/cvpr/2005},
  url       = {http://doi.ieeecomputersociety.org/10.1109/CVPR.2005.133},
  doi       = {10.1109/CVPR.2005.133},
  timestamp = {Tue, 25 Nov 2014 17:05:17 +0100},
  biburl    = {http://dblp.uni-trier.de/rec/bib/conf/cvpr/AnguelovTCKGHN05},
  bibsource = {dblp computer science bibliography, http://dblp.org}
}

@inproceedings{DBLP:conf/fsr/MatsuokaCSCNT05,
  author    = {Masayoshi Matsuoka and
               Alan Chen and
               Surya P. N. Singh and
               Adam Coates and
               Andrew Y. Ng and
               Sebastian Thrun},
  title     = {Autonomous Helicopter Tracking and Localization Using a Self-Surveying
               Camera Array},
  booktitle = {Field and Service Robotics, Results of the 5th International Conference,
               {FSR} 2005, July 29-31, 2005, Port Douglas, QLD, Australia},
  pages     = {19--30},
  year      = {2005},
  crossref  = {DBLP:conf/fsr/2005},
  url       = {http://dx.doi.org/10.1007/978-3-540-33453-8_3},
  doi       = {10.1007/978-3-540-33453-8_3},
  timestamp = {Fri, 26 Sep 2008 09:04:26 +0200},
  biburl    = {http://dblp.uni-trier.de/rec/bib/conf/fsr/MatsuokaCSCNT05},
  bibsource = {dblp computer science bibliography, http://dblp.org}
}

@inproceedings{DBLP:conf/icml/AbbeelN05,
  author    = {Pieter Abbeel and
               Andrew Y. Ng},
  title     = {Exploration and apprenticeship learning in reinforcement learning},
  booktitle = {Machine Learning, Proceedings of the Twenty-Second International Conference
               {(ICML} 2005), Bonn, Germany, August 7-11, 2005},
  pages     = {1--8},
  year      = {2005},
  crossref  = {DBLP:conf/icml/2005},
  url       = {http://doi.acm.org/10.1145/1102351.1102352},
  doi       = {10.1145/1102351.1102352},
  timestamp = {Mon, 22 Oct 2007 13:52:21 +0200},
  biburl    = {http://dblp.uni-trier.de/rec/bib/conf/icml/AbbeelN05},
  bibsource = {dblp computer science bibliography, http://dblp.org}
}

@inproceedings{DBLP:conf/icml/MichelsSN05,
  author    = {Jeff Michels and
               Ashutosh Saxena and
               Andrew Y. Ng},
  title     = {High speed obstacle avoidance using monocular vision and reinforcement
               learning},
  booktitle = {Machine Learning, Proceedings of the Twenty-Second International Conference
               {(ICML} 2005), Bonn, Germany, August 7-11, 2005},
  pages     = {593--600},
  year      = {2005},
  crossref  = {DBLP:conf/icml/2005},
  url       = {http://doi.acm.org/10.1145/1102351.1102426},
  doi       = {10.1145/1102351.1102426},
  timestamp = {Mon, 22 Oct 2007 13:52:21 +0200},
  biburl    = {http://dblp.uni-trier.de/rec/bib/conf/icml/MichelsSN05},
  bibsource = {dblp computer science bibliography, http://dblp.org}
}

@inproceedings{DBLP:conf/isrr/DelageLN05,
  author    = {Erick Delage and
               Honglak Lee and
               Andrew Y. Ng},
  title     = {Automatic Single-Image 3d Reconstructions of Indoor Manhattan World
               Scenes},
  booktitle = {Robotics Research: Results of the 12th International Symposium, {ISRR}
               2005, October 12-15, 2005, San Francisco, CA, {USA}},
  pages     = {305--321},
  year      = {2005},
  crossref  = {DBLP:conf/isrr/2005},
  url       = {http://dx.doi.org/10.1007/978-3-540-48113-3_28},
  doi       = {10.1007/978-3-540-48113-3_28},
  timestamp = {Thu, 25 Sep 2008 07:54:02 +0200},
  biburl    = {http://dblp.uni-trier.de/rec/bib/conf/isrr/DelageLN05},
  bibsource = {dblp computer science bibliography, http://dblp.org}
}

@inproceedings{DBLP:conf/naacl/HaghighiNM05,
  author    = {Aria Haghighi and
               Andrew Y. Ng and
               Christopher D. Manning},
  title     = {Robust Textual Inference via Graph Matching},
  booktitle = {{HLT/EMNLP} 2005, Human Language Technology Conference and Conference
               on Empirical Methods in Natural Language Processing, Proceedings of
               the Conference, 6-8 October 2005, Vancouver, British Columbia, Canada},
  year      = {2005},
  crossref  = {DBLP:conf/naacl/2005},
  url       = {http://acl.ldc.upenn.edu/H/H05/H05-1049.pdf},
  timestamp = {Mon, 23 Jul 2007 01:00:00 +0200},
  biburl    = {http://dblp.uni-trier.de/rec/bib/conf/naacl/HaghighiNM05},
  bibsource = {dblp computer science bibliography, http://dblp.org}
}

@inproceedings{DBLP:conf/nips/AbbeelGN05,
  author    = {Pieter Abbeel and
               Varun Ganapathi and
               Andrew Y. Ng},
  title     = {Learning vehicular dynamics, with application to modeling helicopters},
  booktitle = {Advances in Neural Information Processing Systems 18 [Neural Information
               Processing Systems, {NIPS} 2005, December 5-8, 2005, Vancouver, British
               Columbia, Canada]},
  pages     = {1--8},
  year      = {2005},
  crossref  = {DBLP:conf/nips/2005},
  url       = {http://papers.nips.cc/paper/2827-learning-vehicular-dynamics-with-application-to-modeling-helicopters},
  timestamp = {Thu, 11 Dec 2014 17:34:08 +0100},
  biburl    = {http://dblp.uni-trier.de/rec/bib/conf/nips/AbbeelGN05},
  bibsource = {dblp computer science bibliography, http://dblp.org}
}

@inproceedings{DBLP:conf/nips/BagnellN05,
  author    = {J. Andrew Bagnell and
               Andrew Y. Ng},
  title     = {On Local Rewards and Scaling Distributed Reinforcement Learning},
  booktitle = {Advances in Neural Information Processing Systems 18 [Neural Information
               Processing Systems, {NIPS} 2005, December 5-8, 2005, Vancouver, British
               Columbia, Canada]},
  pages     = {91--98},
  year      = {2005},
  crossref  = {DBLP:conf/nips/2005},
  url       = {http://papers.nips.cc/paper/2951-on-local-rewards-and-scaling-distributed-reinforcement-learning},
  timestamp = {Thu, 11 Dec 2014 17:34:08 +0100},
  biburl    = {http://dblp.uni-trier.de/rec/bib/conf/nips/BagnellN05},
  bibsource = {dblp computer science bibliography, http://dblp.org}
}

@inproceedings{DBLP:conf/nips/DoN05,
  author    = {Chuong B. Do and
               Andrew Y. Ng},
  title     = {Transfer learning for text classification},
  booktitle = {Advances in Neural Information Processing Systems 18 [Neural Information
               Processing Systems, {NIPS} 2005, December 5-8, 2005, Vancouver, British
               Columbia, Canada]},
  pages     = {299--306},
  year      = {2005},
  crossref  = {DBLP:conf/nips/2005},
  url       = {http://papers.nips.cc/paper/2843-transfer-learning-for-text-classification},
  timestamp = {Thu, 11 Dec 2014 17:34:08 +0100},
  biburl    = {http://dblp.uni-trier.de/rec/bib/conf/nips/DoN05},
  bibsource = {dblp computer science bibliography, http://dblp.org}
}

@inproceedings{DBLP:conf/nips/SaxenaCN05,
  author    = {Ashutosh Saxena and
               Sung H. Chung and
               Andrew Y. Ng},
  title     = {Learning Depth from Single Monocular Images},
  booktitle = {Advances in Neural Information Processing Systems 18 [Neural Information
               Processing Systems, {NIPS} 2005, December 5-8, 2005, Vancouver, British
               Columbia, Canada]},
  pages     = {1161--1168},
  year      = {2005},
  crossref  = {DBLP:conf/nips/2005},
  url       = {http://papers.nips.cc/paper/2921-learning-depth-from-single-monocular-images},
  timestamp = {Thu, 11 Dec 2014 17:34:08 +0100},
  biburl    = {http://dblp.uni-trier.de/rec/bib/conf/nips/SaxenaCN05},
  bibsource = {dblp computer science bibliography, http://dblp.org}
}

@inproceedings{DBLP:conf/nips/ShenNS05,
  author    = {Yirong Shen and
               Andrew Y. Ng and
               Matthias W. Seeger},
  title     = {Fast Gaussian Process Regression using KD-Trees},
  booktitle = {Advances in Neural Information Processing Systems 18 [Neural Information
               Processing Systems, {NIPS} 2005, December 5-8, 2005, Vancouver, British
               Columbia, Canada]},
  pages     = {1225--1232},
  year      = {2005},
  crossref  = {DBLP:conf/nips/2005},
  url       = {http://papers.nips.cc/paper/2835-fast-gaussian-process-regression-using-kd-trees},
  timestamp = {Wed, 06 May 2015 01:00:00 +0200},
  biburl    = {http://dblp.uni-trier.de/rec/bib/conf/nips/ShenNS05},
  bibsource = {dblp computer science bibliography, http://dblp.org}
}

@inproceedings{DBLP:conf/rss/AbbeelCMNT05,
  author    = {Pieter Abbeel and
               Adam Coates and
               Michael Montemerlo and
               Andrew Y. Ng and
               Sebastian Thrun},
  title     = {Discriminative Training of Kalman Filters},
  booktitle = {Robotics: Science and Systems I, June 8-11, 2005, Massachusetts Institute
               of Technology, Cambridge, Massachusetts},
  pages     = {289--296},
  year      = {2005},
  crossref  = {DBLP:conf/rss/2005},
  url       = {http://www.roboticsproceedings.org/rss01/p38.html},
  timestamp = {Tue, 20 Feb 2007 15:20:44 +0100},
  biburl    = {http://dblp.uni-trier.de/rec/bib/conf/rss/AbbeelCMNT05},
  bibsource = {dblp computer science bibliography, http://dblp.org}
}

@inproceedings{DBLP:conf/uai/AbbeelKN05,
  author    = {Pieter Abbeel and
               Daphne Koller and
               Andrew Y. Ng},
  title     = {Learning Factor Graphs in Polynomial Time {\&} Sample Complexity},
  booktitle = {{UAI} '05, Proceedings of the 21st Conference in Uncertainty in Artificial
               Intelligence, Edinburgh, Scotland, July 26-29, 2005},
  pages     = {1--9},
  year      = {2005},
  crossref  = {DBLP:conf/uai/2005},
  url       = {https://dslpitt.org/uai/displayArticleDetails.jsp?mmnu=1&#38;smnu=2&#38;article_id=1199&#38;proceeding_id=21},
  timestamp = {Wed, 06 May 2015 01:00:00 +0200},
  biburl    = {http://dblp.uni-trier.de/rec/bib/conf/uai/AbbeelKN05},
  bibsource = {dblp computer science bibliography, http://dblp.org}
}

@article{DBLP:journals/ijrr/ThrunLKNGD04,
  author    = {Sebastian Thrun and
               Yufeng Liu and
               Daphne Koller and
               Andrew Y. Ng and
               Zoubin Ghahramani and
               Hugh F. Durrant{-}Whyte},
  title     = {Simultaneous Localization and Mapping with Sparse Extended Information
               Filters},
  journal   = {I. J. Robotic Res.},
  volume    = {23},
  number    = {7-8},
  pages     = {693--716},
  year      = {2004},
  url       = {http://dx.doi.org/10.1177/0278364904045479},
  doi       = {10.1177/0278364904045479},
  timestamp = {Tue, 13 Nov 2012 00:00:00 +0100},
  biburl    = {http://dblp.uni-trier.de/rec/bib/journals/ijrr/ThrunLKNGD04},
  bibsource = {dblp computer science bibliography, http://dblp.org}
}

@inproceedings{DBLP:conf/icml/PieterN04,
  author    = {Pieter Abbeel and
               Andrew Y. Ng},
  title     = {Apprenticeship learning via inverse reinforcement learning},
  booktitle = {Machine Learning, Proceedings of the Twenty-first International Conference
               {(ICML} 2004), Banff, Alberta, Canada, July 4-8, 2004},
  year      = {2004},
  crossref  = {DBLP:conf/icml/2004},
  url       = {http://doi.acm.org/10.1145/1015330.1015430},
  doi       = {10.1145/1015330.1015430},
  timestamp = {Mon, 22 Oct 2007 13:54:01 +0200},
  biburl    = {http://dblp.uni-trier.de/rec/bib/conf/icml/PieterN04},
  bibsource = {dblp computer science bibliography, http://dblp.org}
}

@inproceedings{DBLP:conf/icml/Shalev-ShwartzSN04,
  author    = {Shai Shalev{-}Shwartz and
               Yoram Singer and
               Andrew Y. Ng},
  title     = {Online and batch learning of pseudo-metrics},
  booktitle = {Machine Learning, Proceedings of the Twenty-first International Conference
               {(ICML} 2004), Banff, Alberta, Canada, July 4-8, 2004},
  year      = {2004},
  crossref  = {DBLP:conf/icml/2004},
  url       = {http://doi.acm.org/10.1145/1015330.1015376},
  doi       = {10.1145/1015330.1015376},
  timestamp = {Mon, 22 Oct 2007 13:54:01 +0200},
  biburl    = {http://dblp.uni-trier.de/rec/bib/conf/icml/Shalev-ShwartzSN04},
  bibsource = {dblp computer science bibliography, http://dblp.org}
}

@inproceedings{DBLP:conf/icml/ToutanovaMN04,
  author    = {Kristina Toutanova and
               Christopher D. Manning and
               Andrew Y. Ng},
  title     = {Learning random walk models for inducing word dependency distributions},
  booktitle = {Machine Learning, Proceedings of the Twenty-first International Conference
               {(ICML} 2004), Banff, Alberta, Canada, July 4-8, 2004},
  year      = {2004},
  crossref  = {DBLP:conf/icml/2004},
  url       = {http://doi.acm.org/10.1145/1015330.1015442},
  doi       = {10.1145/1015330.1015442},
  timestamp = {Mon, 22 Oct 2007 13:54:01 +0200},
  biburl    = {http://dblp.uni-trier.de/rec/bib/conf/icml/ToutanovaMN04},
  bibsource = {dblp computer science bibliography, http://dblp.org}
}

@inproceedings{DBLP:conf/iser/NgCDGSTBL04,
  author    = {Andrew Y. Ng and
               Adam Coates and
               Mark Diel and
               Varun Ganapathi and
               Jamie Schulte and
               Ben Tse and
               Eric Berger and
               Eric Liang},
  title     = {Autonomous Inverted Helicopter Flight via Reinforcement Learning},
  booktitle = {Experimental Robotics IX, The 9th International Symposium on Experimental
               Robotics {[ISER} 2004, Singapore, 18.-21. June 2004]},
  pages     = {363--372},
  year      = {2004},
  crossref  = {DBLP:conf/iser/2004},
  url       = {http://dx.doi.org/10.1007/11552246_35},
  doi       = {10.1007/11552246_35},
  timestamp = {Mon, 22 Sep 2008 11:12:47 +0200},
  biburl    = {http://dblp.uni-trier.de/rec/bib/conf/iser/NgCDGSTBL04},
  bibsource = {dblp computer science bibliography, http://dblp.org}
}

@inproceedings{DBLP:conf/nips/AbbeelN04,
  author    = {Pieter Abbeel and
               Andrew Y. Ng},
  title     = {Learning first-order Markov models for control},
  booktitle = {Advances in Neural Information Processing Systems 17 [Neural Information
               Processing Systems, {NIPS} 2004, December 13-18, 2004, Vancouver,
               British Columbia, Canada]},
  pages     = {1--8},
  year      = {2004},
  crossref  = {DBLP:conf/nips/2004},
  url       = {http://papers.nips.cc/paper/2569-learning-first-order-markov-models-for-control},
  timestamp = {Thu, 11 Dec 2014 17:34:07 +0100},
  biburl    = {http://dblp.uni-trier.de/rec/bib/conf/nips/AbbeelN04},
  bibsource = {dblp computer science bibliography, http://dblp.org}
}

@inproceedings{DBLP:conf/nips/KakadeN04,
  author    = {Sham M. Kakade and
               Andrew Y. Ng},
  title     = {Online Bounds for Bayesian Algorithms},
  booktitle = {Advances in Neural Information Processing Systems 17 [Neural Information
               Processing Systems, {NIPS} 2004, December 13-18, 2004, Vancouver,
               British Columbia, Canada]},
  pages     = {641--648},
  year      = {2004},
  crossref  = {DBLP:conf/nips/2004},
  url       = {http://papers.nips.cc/paper/2637-online-bounds-for-bayesian-algorithms},
  timestamp = {Thu, 11 Dec 2014 17:34:07 +0100},
  biburl    = {http://dblp.uni-trier.de/rec/bib/conf/nips/KakadeN04},
  bibsource = {dblp computer science bibliography, http://dblp.org}
}

@inproceedings{DBLP:conf/nips/NgK04,
  author    = {Andrew Y. Ng and
               H. Jin Kim},
  title     = {Stable adaptive control with online learning},
  booktitle = {Advances in Neural Information Processing Systems 17 [Neural Information
               Processing Systems, {NIPS} 2004, December 13-18, 2004, Vancouver,
               British Columbia, Canada]},
  pages     = {977--984},
  year      = {2004},
  crossref  = {DBLP:conf/nips/2004},
  url       = {http://papers.nips.cc/paper/2623-stable-adaptive-control-with-online-learning},
  timestamp = {Thu, 11 Dec 2014 17:34:07 +0100},
  biburl    = {http://dblp.uni-trier.de/rec/bib/conf/nips/NgK04},
  bibsource = {dblp computer science bibliography, http://dblp.org}
}

@inproceedings{DBLP:conf/nips/SnowJN04,
  author    = {Rion Snow and
               Daniel Jurafsky and
               Andrew Y. Ng},
  title     = {Learning Syntactic Patterns for Automatic Hypernym Discovery},
  booktitle = {Advances in Neural Information Processing Systems 17 [Neural Information
               Processing Systems, {NIPS} 2004, December 13-18, 2004, Vancouver,
               British Columbia, Canada]},
  pages     = {1297--1304},
  year      = {2004},
  crossref  = {DBLP:conf/nips/2004},
  url       = {http://papers.nips.cc/paper/2659-learning-syntactic-patterns-for-automatic-hypernym-discovery},
  timestamp = {Thu, 11 Dec 2014 17:34:07 +0100},
  biburl    = {http://dblp.uni-trier.de/rec/bib/conf/nips/SnowJN04},
  bibsource = {dblp computer science bibliography, http://dblp.org}
}

@article{DBLP:journals/jmlr/BleiNJ03,
  author    = {David M. Blei and
               Andrew Y. Ng and
               Michael I. Jordan},
  title     = {Latent Dirichlet Allocation},
  journal   = {Journal of Machine Learning Research},
  volume    = {3},
  pages     = {993--1022},
  year      = {2003},
  url       = {http://www.jmlr.org/papers/v3/blei03a.html},
  timestamp = {Thu, 05 Feb 2004 00:00:00 +0100},
  biburl    = {http://dblp.uni-trier.de/rec/bib/journals/jmlr/BleiNJ03},
  bibsource = {dblp computer science bibliography, http://dblp.org}
}

@inproceedings{DBLP:conf/nips/RainaSNM03,
  author    = {Rajat Raina and
               Yirong Shen and
               Andrew Y. Ng and
               Andrew McCallum},
  title     = {Classification with Hybrid Generative/Discriminative Models},
  booktitle = {Advances in Neural Information Processing Systems 16 [Neural Information
               Processing Systems, {NIPS} 2003, December 8-13, 2003, Vancouver and
               Whistler, British Columbia, Canada]},
  pages     = {545--552},
  year      = {2003},
  crossref  = {DBLP:conf/nips/2003},
  url       = {http://papers.nips.cc/paper/2405-classification-with-hybrid-generativediscriminative-models},
  timestamp = {Thu, 11 Dec 2014 17:34:07 +0100},
  biburl    = {http://dblp.uni-trier.de/rec/bib/conf/nips/RainaSNM03},
  bibsource = {dblp computer science bibliography, http://dblp.org}
}

@inproceedings{DBLP:conf/nips/NgKJS03,
  author    = {Andrew Y. Ng and
               H. Jin Kim and
               Michael I. Jordan and
               Shankar Sastry},
  title     = {Autonomous Helicopter Flight via Reinforcement Learning},
  booktitle = {Advances in Neural Information Processing Systems 16 [Neural Information
               Processing Systems, {NIPS} 2003, December 8-13, 2003, Vancouver and
               Whistler, British Columbia, Canada]},
  pages     = {799--806},
  year      = {2003},
  crossref  = {DBLP:conf/nips/2003},
  url       = {http://papers.nips.cc/paper/2455-autonomous-helicopter-flight-via-reinforcement-learning},
  timestamp = {Thu, 11 Dec 2014 17:34:07 +0100},
  biburl    = {http://dblp.uni-trier.de/rec/bib/conf/nips/NgKJS03},
  bibsource = {dblp computer science bibliography, http://dblp.org}
}

@inproceedings{DBLP:conf/nips/BagnellKNS03,
  author    = {J. Andrew Bagnell and
               Sham Kakade and
               Andrew Y. Ng and
               Jeff G. Schneider},
  title     = {Policy Search by Dynamic Programming},
  booktitle = {Advances in Neural Information Processing Systems 16 [Neural Information
               Processing Systems, {NIPS} 2003, December 8-13, 2003, Vancouver and
               Whistler, British Columbia, Canada]},
  pages     = {831--838},
  year      = {2003},
  crossref  = {DBLP:conf/nips/2003},
  url       = {http://papers.nips.cc/paper/2378-policy-search-by-dynamic-programming},
  timestamp = {Thu, 11 Dec 2014 17:34:07 +0100},
  biburl    = {http://dblp.uni-trier.de/rec/bib/conf/nips/BagnellKNS03},
  bibsource = {dblp computer science bibliography, http://dblp.org}
}

@article{DBLP:journals/ml/KearnsMN02,
  author    = {Michael J. Kearns and
               Yishay Mansour and
               Andrew Y. Ng},
  title     = {A Sparse Sampling Algorithm for Near-Optimal Planning in Large Markov
               Decision Processes},
  journal   = {Machine Learning},
  volume    = {49},
  number    = {2-3},
  pages     = {193--208},
  year      = {2002},
  url       = {http://dx.doi.org/10.1023/A:1017932429737},
  doi       = {10.1023/A:1017932429737},
  timestamp = {Thu, 26 May 2011 01:00:00 +0200},
  biburl    = {http://dblp.uni-trier.de/rec/bib/journals/ml/KearnsMN02},
  bibsource = {dblp computer science bibliography, http://dblp.org}
}

@inproceedings{DBLP:conf/nips/XingNJR02,
  author    = {Eric P. Xing and
               Andrew Y. Ng and
               Michael I. Jordan and
               Stuart J. Russell},
  title     = {Distance Metric Learning with Application to Clustering with Side-Information},
  booktitle = {Advances in Neural Information Processing Systems 15 [Neural Information
               Processing Systems, {NIPS} 2002, December 9-14, 2002, Vancouver, British
               Columbia, Canada]},
  pages     = {505--512},
  year      = {2002},
  crossref  = {DBLP:conf/nips/2002},
  url       = {http://papers.nips.cc/paper/2164-distance-metric-learning-with-application-to-clustering-with-side-information},
  timestamp = {Thu, 11 Dec 2014 17:34:07 +0100},
  biburl    = {http://dblp.uni-trier.de/rec/bib/conf/nips/XingNJR02},
  bibsource = {dblp computer science bibliography, http://dblp.org}
}

@inproceedings{DBLP:conf/sigir/DumaisBBLN02,
  author    = {Susan T. Dumais and
               Michele Banko and
               Eric Brill and
               Jimmy J. Lin and
               Andrew Y. Ng},
  title     = {Web question answering: is more always better?},
  booktitle = {{SIGIR} 2002: Proceedings of the 25th Annual International {ACM} {SIGIR}
               Conference on Research and Development in Information Retrieval, August
               11-15, 2002, Tampere, Finland},
  pages     = {291--298},
  year      = {2002},
  crossref  = {DBLP:conf/sigir/2002},
  url       = {http://doi.acm.org/10.1145/564376.564428},
  doi       = {10.1145/564376.564428},
  timestamp = {Thu, 20 Feb 2003 00:00:00 +0100},
  biburl    = {http://dblp.uni-trier.de/rec/bib/conf/sigir/DumaisBBLN02},
  bibsource = {dblp computer science bibliography, http://dblp.org}
}

@inproceedings{DBLP:conf/wafr/ThrunKGDN02,
  author    = {Sebastian Thrun and
               Daphne Koller and
               Zoubin Ghahramani and
               Hugh Durrant{-}Whyte and
               Andrew Y. Ng},
  title     = {Simultaneous Mapping and Localization with Sparse Extended Information
               Filters: Theory and Initial Results},
  booktitle = {Algorithmic Foundations of Robotics V, Selected Contributions of the
               Fifth International Workshop on the Algorithmic Foundations of Robotics,
               {WAFR} 2002, Nice, France, December 15-17, 2002},
  pages     = {363--380},
  year      = {2002},
  crossref  = {DBLP:conf/wafr/2002},
  url       = {http://dx.doi.org/10.1007/978-3-540-45058-0_22},
  doi       = {10.1007/978-3-540-45058-0_22},
  timestamp = {Wed, 09 Apr 2014 09:46:14 +0200},
  biburl    = {http://dblp.uni-trier.de/rec/bib/conf/wafr/ThrunKGDN02},
  bibsource = {dblp computer science bibliography, http://dblp.org}
}

@inproceedings{DBLP:conf/icml/NgJ01,
  author    = {Andrew Y. Ng and
               Michael I. Jordan},
  title     = {Convergence rates of the Voting Gibbs classifier, with application
               to Bayesian feature selection},
  booktitle = {Proceedings of the Eighteenth International Conference on Machine
               Learning {(ICML} 2001), Williams College, Williamstown, MA, USA, June
               28 - July 1, 2001},
  pages     = {377--384},
  year      = {2001},
  crossref  = {DBLP:conf/icml/2001},
  timestamp = {Wed, 27 Nov 2002 10:53:35 +0100},
  biburl    = {http://dblp.uni-trier.de/rec/bib/conf/icml/NgJ01},
  bibsource = {dblp computer science bibliography, http://dblp.org}
}

@inproceedings{DBLP:conf/ijcai/NgZJ01,
  author    = {Andrew Y. Ng and
               Alice X. Zheng and
               Michael I. Jordan},
  title     = {Link Analysis, Eigenvectors and Stability},
  booktitle = {Proceedings of the Seventeenth International Joint Conference on Artificial
               Intelligence, {IJCAI} 2001, Seattle, Washington, USA, August 4-10,
               2001},
  pages     = {903--910},
  year      = {2001},
  crossref  = {DBLP:conf/ijcai/2001},
  timestamp = {Mon, 20 Apr 2009 09:38:06 +0200},
  biburl    = {http://dblp.uni-trier.de/rec/bib/conf/ijcai/NgZJ01},
  bibsource = {dblp computer science bibliography, http://dblp.org}
}

@inproceedings{DBLP:conf/nips/BleiNJ01,
  author    = {David M. Blei and
               Andrew Y. Ng and
               Michael I. Jordan},
  title     = {Latent Dirichlet Allocation},
  booktitle = {Advances in Neural Information Processing Systems 14 [Neural Information
               Processing Systems: Natural and Synthetic, {NIPS} 2001, December 3-8,
               2001, Vancouver, British Columbia, Canada]},
  pages     = {601--608},
  year      = {2001},
  crossref  = {DBLP:conf/nips/2001},
  url       = {http://papers.nips.cc/paper/2070-latent-dirichlet-allocation},
  timestamp = {Thu, 11 Dec 2014 17:34:08 +0100},
  biburl    = {http://dblp.uni-trier.de/rec/bib/conf/nips/BleiNJ01},
  bibsource = {dblp computer science bibliography, http://dblp.org}
}

@inproceedings{DBLP:conf/nips/NgJ01,
  author    = {Andrew Y. Ng and
               Michael I. Jordan},
  title     = {On Discriminative vs. Generative Classifiers: {A} comparison of logistic
               regression and naive Bayes},
  booktitle = {Advances in Neural Information Processing Systems 14 [Neural Information
               Processing Systems: Natural and Synthetic, {NIPS} 2001, December 3-8,
               2001, Vancouver, British Columbia, Canada]},
  pages     = {841--848},
  year      = {2001},
  crossref  = {DBLP:conf/nips/2001},
  url       = {http://papers.nips.cc/paper/2020-on-discriminative-vs-generative-classifiers-a-comparison-of-logistic-regression-and-naive-bayes},
  timestamp = {Thu, 11 Dec 2014 17:34:08 +0100},
  biburl    = {http://dblp.uni-trier.de/rec/bib/conf/nips/NgJ01},
  bibsource = {dblp computer science bibliography, http://dblp.org}
}

@inproceedings{DBLP:conf/nips/NgJW01,
  author    = {Andrew Y. Ng and
               Michael I. Jordan and
               Yair Weiss},
  title     = {On Spectral Clustering: Analysis and an algorithm},
  booktitle = {Advances in Neural Information Processing Systems 14 [Neural Information
               Processing Systems: Natural and Synthetic, {NIPS} 2001, December 3-8,
               2001, Vancouver, British Columbia, Canada]},
  pages     = {849--856},
  year      = {2001},
  crossref  = {DBLP:conf/nips/2001},
  url       = {http://papers.nips.cc/paper/2092-on-spectral-clustering-analysis-and-an-algorithm},
  timestamp = {Thu, 11 Dec 2014 17:34:08 +0100},
  biburl    = {http://dblp.uni-trier.de/rec/bib/conf/nips/NgJW01},
  bibsource = {dblp computer science bibliography, http://dblp.org}
}

@inproceedings{DBLP:conf/sigir/ZhengNJ01,
  author    = {Alice X. Zheng and
               Andrew Y. Ng and
               Michael I. Jordan},
  title     = {Stable Algorithms for Link Analysis},
  booktitle = {{SIGIR} 2001: Proceedings of the 24th Annual International {ACM} {SIGIR}
               Conference on Research and Development in Information Retrieval, September
               9-13, 2001, New Orleans, Louisiana, {USA}},
  pages     = {258--266},
  year      = {2001},
  crossref  = {DBLP:conf/sigir/2001},
  url       = {http://doi.acm.org/10.1145/383952.384003},
  doi       = {10.1145/383952.384003},
  timestamp = {Thu, 13 Sep 2012 01:00:00 +0200},
  biburl    = {http://dblp.uni-trier.de/rec/bib/conf/sigir/ZhengNJ01},
  bibsource = {dblp computer science bibliography, http://dblp.org}
}

@inproceedings{DBLP:conf/trec/BrillLBDN01,
  author    = {Eric Brill and
               Jimmy J. Lin and
               Michele Banko and
               Susan T. Dumais and
               Andrew Y. Ng},
  title     = {Data-Intensive Question Answering},
  booktitle = {Proceedings of The Tenth Text REtrieval Conference, {TREC} 2001, Gaithersburg,
               Maryland, USA, November 13-16, 2001},
  year      = {2001},
  crossref  = {DBLP:conf/trec/2001},
  url       = {http://trec.nist.gov/pubs/trec10/papers/Trec2001Notebook.AskMSRFinal.pdf},
  timestamp = {Tue, 07 Apr 2015 13:04:04 +0200},
  biburl    = {http://dblp.uni-trier.de/rec/bib/conf/trec/BrillLBDN01},
  bibsource = {dblp computer science bibliography, http://dblp.org}
}

@inproceedings{DBLP:conf/icml/NgR00,
  author    = {Andrew Y. Ng and
               Stuart J. Russell},
  title     = {Algorithms for Inverse Reinforcement Learning},
  booktitle = {Proceedings of the Seventeenth International Conference on Machine
               Learning {(ICML} 2000), Stanford University, Stanford, CA, USA, June
               29 - July 2, 2000},
  pages     = {663--670},
  year      = {2000},
  crossref  = {DBLP:conf/icml/2000},
  timestamp = {Sun, 21 Feb 2010 20:54:50 +0100},
  biburl    = {http://dblp.uni-trier.de/rec/bib/conf/icml/NgR00},
  bibsource = {dblp computer science bibliography, http://dblp.org}
}

@inproceedings{DBLP:conf/uai/NgJ00,
  author    = {Andrew Y. Ng and
               Michael I. Jordan},
  title     = {{PEGASUS:} {A} policy search method for large MDPs and POMDPs},
  booktitle = {{UAI} '00: Proceedings of the 16th Conference in Uncertainty in Artificial
               Intelligence, Stanford University, Stanford, California, USA, June
               30 - July 3, 2000},
  pages     = {406--415},
  year      = {2000},
  crossref  = {DBLP:conf/uai/2000},
  url       = {https://dslpitt.org/uai/displayArticleDetails.jsp?mmnu=1&#38;smnu=2&#38;article_id=48&#38;proceeding_id=16},
  timestamp = {Wed, 06 May 2015 01:00:00 +0200},
  biburl    = {http://dblp.uni-trier.de/rec/bib/conf/uai/NgJ00},
  bibsource = {dblp computer science bibliography, http://dblp.org}
}

@inproceedings{DBLP:conf/icml/NgHR99,
  author    = {Andrew Y. Ng and
               Daishi Harada and
               Stuart J. Russell},
  title     = {Policy Invariance Under Reward Transformations: Theory and Application
               to Reward Shaping},
  booktitle = {Proceedings of the Sixteenth International Conference on Machine Learning
               {(ICML} 1999), Bled, Slovenia, June 27 - 30, 1999},
  pages     = {278--287},
  year      = {1999},
  crossref  = {DBLP:conf/icml/1999},
  timestamp = {Tue, 03 Dec 2002 12:31:12 +0100},
  biburl    = {http://dblp.uni-trier.de/rec/bib/conf/icml/NgHR99},
  bibsource = {dblp computer science bibliography, http://dblp.org}
}

@inproceedings{DBLP:conf/ijcai/KearnsMN99,
  author    = {Michael J. Kearns and
               Yishay Mansour and
               Andrew Y. Ng},
  title     = {A Sparse Sampling Algorithm for Near-Optimal Planning in Large Markov
               Decision Processes},
  booktitle = {Proceedings of the Sixteenth International Joint Conference on Artificial
               Intelligence, {IJCAI} 99, Stockholm, Sweden, July 31 - August 6, 1999.
               2 Volumes, 1450 pages},
  pages     = {1324--1231},
  year      = {1999},
  crossref  = {DBLP:conf/ijcai/99},
  timestamp = {Mon, 21 Jan 2013 14:27:01 +0100},
  biburl    = {http://dblp.uni-trier.de/rec/bib/conf/ijcai/KearnsMN99},
  bibsource = {dblp computer science bibliography, http://dblp.org}
}

@inproceedings{DBLP:conf/nips/NgJ99,
  author    = {Andrew Y. Ng and
               Michael I. Jordan},
  title     = {Approximate Inference {A} lgorithms for Two-Layer Bayesian Networks},
  booktitle = {Advances in Neural Information Processing Systems 12, {[NIPS} Conference,
               Denver, Colorado, USA, November 29 - December 4, 1999]},
  pages     = {533--539},
  year      = {1999},
  crossref  = {DBLP:conf/nips/1999},
  url       = {http://papers.nips.cc/paper/1640-approximate-inference-a-lgorithms-for-two-layer-bayesian-networks},
  timestamp = {Thu, 11 Dec 2014 17:34:08 +0100},
  biburl    = {http://dblp.uni-trier.de/rec/bib/conf/nips/NgJ99},
  bibsource = {dblp computer science bibliography, http://dblp.org}
}

@inproceedings{DBLP:conf/nips/KearnsMN99,
  author    = {Michael J. Kearns and
               Yishay Mansour and
               Andrew Y. Ng},
  title     = {Approximate Planning in Large POMDPs via Reusable Trajectories},
  booktitle = {Advances in Neural Information Processing Systems 12, {[NIPS} Conference,
               Denver, Colorado, USA, November 29 - December 4, 1999]},
  pages     = {1001--1007},
  year      = {1999},
  crossref  = {DBLP:conf/nips/1999},
  url       = {http://papers.nips.cc/paper/1664-approximate-planning-in-large-pomdps-via-reusable-trajectories},
  timestamp = {Thu, 11 Dec 2014 17:34:08 +0100},
  biburl    = {http://dblp.uni-trier.de/rec/bib/conf/nips/KearnsMN99},
  bibsource = {dblp computer science bibliography, http://dblp.org}
}

@inproceedings{DBLP:conf/nips/NgPK99,
  author    = {Andrew Y. Ng and
               Ronald Parr and
               Daphne Koller},
  title     = {Policy Search via Density Estimation},
  booktitle = {Advances in Neural Information Processing Systems 12, {[NIPS} Conference,
               Denver, Colorado, USA, November 29 - December 4, 1999]},
  pages     = {1022--1028},
  year      = {1999},
  crossref  = {DBLP:conf/nips/1999},
  url       = {http://papers.nips.cc/paper/1748-policy-search-via-density-estimation},
  timestamp = {Thu, 11 Dec 2014 17:34:08 +0100},
  biburl    = {http://dblp.uni-trier.de/rec/bib/conf/nips/NgPK99},
  bibsource = {dblp computer science bibliography, http://dblp.org}
}

@inproceedings{DBLP:conf/aaai/DaviesNM98,
  author    = {Scott Davies and
               Andrew Y. Ng and
               Andrew W. Moore},
  title     = {Applying Online Search Techniques to Continuous-State Reinforcement
               Learning},
  booktitle = {Proceedings of the Fifteenth National Conference on Artificial Intelligence
               and Tenth Innovative Applications of Artificial Intelligence Conference,
               {AAAI} 98, {IAAI} 98, July 26-30, 1998, Madison, Wisconsin, {USA.}},
  pages     = {753--760},
  year      = {1998},
  crossref  = {DBLP:conf/aaai/1998},
  url       = {http://www.aaai.org/Library/AAAI/1998/aaai98-107.php},
  timestamp = {Wed, 10 Jun 2015 01:00:00 +0200},
  biburl    = {http://dblp.uni-trier.de/rec/bib/conf/aaai/DaviesNM98},
  bibsource = {dblp computer science bibliography, http://dblp.org}
}

@inproceedings{DBLP:conf/icml/McCallumRMN98,
  author    = {Andrew McCallum and
               Ronald Rosenfeld and
               Tom M. Mitchell and
               Andrew Y. Ng},
  title     = {Improving Text Classification by Shrinkage in a Hierarchy of Classes},
  booktitle = {Proceedings of the Fifteenth International Conference on Machine Learning
               {(ICML} 1998), Madison, Wisconsin, USA, July 24-27, 1998},
  pages     = {359--367},
  year      = {1998},
  crossref  = {DBLP:conf/icml/1998},
  timestamp = {Thu, 30 Jun 2011 10:34:12 +0200},
  biburl    = {http://dblp.uni-trier.de/rec/bib/conf/icml/McCallumRMN98},
  bibsource = {dblp computer science bibliography, http://dblp.org}
}

@inproceedings{DBLP:conf/icml/Ng98,
  author    = {Andrew Y. Ng},
  title     = {On Feature Selection: Learning with Exponentially Many Irrelevant
               Features as Training Examples},
  booktitle = {Proceedings of the Fifteenth International Conference on Machine Learning
               {(ICML} 1998), Madison, Wisconsin, USA, July 24-27, 1998},
  pages     = {404--412},
  year      = {1998},
  crossref  = {DBLP:conf/icml/1998},
  timestamp = {Thu, 30 Jun 2011 10:34:12 +0200},
  biburl    = {http://dblp.uni-trier.de/rec/bib/conf/icml/Ng98},
  bibsource = {dblp computer science bibliography, http://dblp.org}
}

@article{DBLP:journals/ml/KearnsMNR97,
  author    = {Michael J. Kearns and
               Yishay Mansour and
               Andrew Y. Ng and
               Dana Ron},
  title     = {An Experimental and Theoretical Comparison of Model Selection Methods},
  journal   = {Machine Learning},
  volume    = {27},
  number    = {1},
  pages     = {7--50},
  year      = {1997},
  url       = {http://dx.doi.org/10.1023/A:1007344726582},
  doi       = {10.1023/A:1007344726582},
  timestamp = {Thu, 26 May 2011 01:00:00 +0200},
  biburl    = {http://dblp.uni-trier.de/rec/bib/journals/ml/KearnsMNR97},
  bibsource = {dblp computer science bibliography, http://dblp.org}
}

@inproceedings{DBLP:conf/icml/Ng97,
  author    = {Andrew Y. Ng},
  title     = {Preventing "Overfitting" of Cross-Validation Data},
  booktitle = {Proceedings of the Fourteenth International Conference on Machine
               Learning {(ICML} 1997), Nashville, Tennessee, USA, July 8-12, 1997},
  pages     = {245--253},
  year      = {1997},
  crossref  = {DBLP:conf/icml/1997},
  timestamp = {Wed, 04 Dec 2002 12:34:29 +0100},
  biburl    = {http://dblp.uni-trier.de/rec/bib/conf/icml/Ng97},
  bibsource = {dblp computer science bibliography, http://dblp.org}
}

@inproceedings{DBLP:conf/uai/KearnsMN97,
  author    = {Michael J. Kearns and
               Yishay Mansour and
               Andrew Y. Ng},
  title     = {An Information-Theoretic Analysis of Hard and Soft Assignment Methods
               for Clustering},
  booktitle = {{UAI} '97: Proceedings of the Thirteenth Conference on Uncertainty
               in Artificial Intelligence, Brown University, Providence, Rhode Island,
               USA, August 1-3, 1997},
  pages     = {282--293},
  year      = {1997},
  crossref  = {DBLP:conf/uai/1997},
  url       = {https://dslpitt.org/uai/displayArticleDetails.jsp?mmnu=1&#38;smnu=2&#38;article_id=322&#38;proceeding_id=13},
  timestamp = {Wed, 06 May 2015 01:00:00 +0200},
  biburl    = {http://dblp.uni-trier.de/rec/bib/conf/uai/KearnsMN97},
  bibsource = {dblp computer science bibliography, http://dblp.org}
}

@inproceedings{DBLP:conf/colt/KearnsMNR95,
  author    = {Michael J. Kearns and
               Yishay Mansour and
               Andrew Y. Ng and
               Dana Ron},
  title     = {An Experimental and Theoretical Comparison of Model Selection Methods},
  booktitle = {Proceedings of the Eigth Annual Conference on Computational Learning
               Theory, {COLT} 1995, Santa Cruz, California, USA, July 5-8, 1995},
  pages     = {21--30},
  year      = {1995},
  crossref  = {DBLP:conf/colt/1995},
  url       = {http://doi.acm.org/10.1145/225298.225301},
  doi       = {10.1145/225298.225301},
  timestamp = {Fri, 23 Dec 2011 00:00:00 +0100},
  biburl    = {http://dblp.uni-trier.de/rec/bib/conf/colt/KearnsMNR95},
  bibsource = {dblp computer science bibliography, http://dblp.org}
}

@proceedings{DBLP:conf/naacl/2015,
  editor    = {Rada Mihalcea and
               Joyce Yue Chai and
               Anoop Sarkar},
  title     = {{NAACL} {HLT} 2015, The 2015 Conference of the North American Chapter
               of the Association for Computational Linguistics: Human Language Technologies,
               Denver, Colorado, USA, May 31 - June 5, 2015},
  publisher = {The Association for Computational Linguistics},
  year      = {2015},
  isbn      = {978-1-941643-49-5},
  timestamp = {Sat, 11 Jul 2015 19:34:33 +0200},
  biburl    = {http://dblp.uni-trier.de/rec/bib/conf/naacl/2015},
  bibsource = {dblp computer science bibliography, http://dblp.org}
}

@proceedings{DBLP:conf/acl/2013-1,
  title     = {Proceedings of the 51st Annual Meeting of the Association for Computational
               Linguistics, {ACL} 2013, 4-9 August 2013, Sofia, Bulgaria, Volume
               1: Long Papers},
  publisher = {The Association for Computer Linguistics},
  year      = {2013},
  url       = {http://aclweb.org/anthology/P/P13/},
  isbn      = {978-1-937284-50-3},
  timestamp = {Tue, 26 Nov 2013 16:42:48 +0100},
  biburl    = {http://dblp.uni-trier.de/rec/bib/conf/acl/2013-1},
  bibsource = {dblp computer science bibliography, http://dblp.org}
}

@proceedings{DBLP:conf/cikm/2013,
  editor    = {Qi He and
               Arun Iyengar and
               Wolfgang Nejdl and
               Jian Pei and
               Rajeev Rastogi},
  title     = {22nd {ACM} International Conference on Information and Knowledge Management,
               CIKM'13, San Francisco, CA, USA, October 27 - November 1, 2013},
  publisher = {{ACM}},
  year      = {2013},
  url       = {http://dl.acm.org/citation.cfm?id=2505515},
  isbn      = {978-1-4503-2263-8},
  timestamp = {Thu, 07 Nov 2013 11:16:05 +0100},
  biburl    = {http://dblp.uni-trier.de/rec/bib/conf/cikm/2013},
  bibsource = {dblp computer science bibliography, http://dblp.org}
}

@proceedings{DBLP:conf/edm/2013,
  editor    = {Sidney K. D'Mello and
               Rafael A. Calvo and
               Andrew Olney},
  title     = {Proceedings of the 6th International Conference on Educational Data
               Mining, Memphis, Tennessee, USA, July 6-9, 2013},
  publisher = {International Educational Data Mining Society},
  year      = {2013},
  url       = {http://www.educationaldatamining.org/IEDMS/EDM2013},
  isbn      = {978-0-9839525-2-7},
  timestamp = {Wed, 10 Sep 2014 16:41:04 +0200},
  biburl    = {http://dblp.uni-trier.de/rec/bib/conf/edm/2013},
  bibsource = {dblp computer science bibliography, http://dblp.org}
}

@proceedings{DBLP:conf/icml/2013,
  title     = {Proceedings of the 30th International Conference on Machine Learning,
               {ICML} 2013, Atlanta, GA, USA, 16-21 June 2013},
  series    = {{JMLR} Proceedings},
  volume    = {28},
  publisher = {JMLR.org},
  year      = {2013},
  url       = {http://jmlr.org/proceedings/papers/v28/},
  timestamp = {Thu, 11 Sep 2014 07:28:55 +0200},
  biburl    = {http://dblp.uni-trier.de/rec/bib/conf/icml/2013},
  bibsource = {dblp computer science bibliography, http://dblp.org}
}

@proceedings{DBLP:conf/kdd/2013,
  editor    = {Inderjit S. Dhillon and
               Yehuda Koren and
               Rayid Ghani and
               Ted E. Senator and
               Paul Bradley and
               Rajesh Parekh and
               Jingrui He and
               Robert L. Grossman and
               Ramasamy Uthurusamy},
  title     = {The 19th {ACM} {SIGKDD} International Conference on Knowledge Discovery
               and Data Mining, {KDD} 2013, Chicago, IL, USA, August 11-14, 2013},
  publisher = {{ACM}},
  year      = {2013},
  url       = {http://dl.acm.org/citation.cfm?id=2487575},
  isbn      = {978-1-4503-2174-7},
  timestamp = {Tue, 10 Sep 2013 09:40:37 +0200},
  biburl    = {http://dblp.uni-trier.de/rec/bib/conf/kdd/2013},
  bibsource = {dblp computer science bibliography, http://dblp.org}
}

@proceedings{DBLP:conf/nips/2013,
  editor    = {Christopher J. C. Burges and
               L{\'{e}}on Bottou and
               Zoubin Ghahramani and
               Kilian Q. Weinberger},
  title     = {Advances in Neural Information Processing Systems 26: 27th Annual
               Conference on Neural Information Processing Systems 2013. Proceedings
               of a meeting held December 5-8, 2013, Lake Tahoe, Nevada, United States},
  year      = {2013},
  url       = {http://papers.nips.cc/book/advances-in-neural-information-processing-systems-26-2013},
  timestamp = {Fri, 31 Jan 2014 12:11:40 +0100},
  biburl    = {http://dblp.uni-trier.de/rec/bib/conf/nips/2013},
  bibsource = {dblp computer science bibliography, http://dblp.org}
}

@proceedings{DBLP:conf/acl/2012-1,
  title     = {The 50th Annual Meeting of the Association for Computational Linguistics,
               Proceedings of the Conference, July 8-14, 2012, Jeju Island, Korea
               - Volume 1: Long Papers},
  publisher = {The Association for Computer Linguistics},
  year      = {2012},
  isbn      = {978-1-937284-24-4},
  timestamp = {Wed, 15 Aug 2012 08:21:28 +0200},
  biburl    = {http://dblp.uni-trier.de/rec/bib/conf/acl/2012-1},
  bibsource = {dblp computer science bibliography, http://dblp.org}
}

@proceedings{DBLP:conf/emnlp/2012,
  editor    = {Jun'ichi Tsujii and
               James Henderson and
               Marius Pasca},
  title     = {Proceedings of the 2012 Joint Conference on Empirical Methods in Natural
               Language Processing and Computational Natural Language Learning, EMNLP-CoNLL
               2012, July 12-14, 2012, Jeju Island, Korea},
  publisher = {{ACL}},
  year      = {2012},
  url       = {http://www.aclweb.org/anthology/K/K12/#2012_0},
  isbn      = {978-1-937284-43-5},
  timestamp = {Thu, 22 Jan 2015 16:51:46 +0100},
  biburl    = {http://dblp.uni-trier.de/rec/bib/conf/emnlp/2012},
  bibsource = {dblp computer science bibliography, http://dblp.org}
}

@proceedings{DBLP:conf/icml/2012,
  title     = {Proceedings of the 29th International Conference on Machine Learning,
               {ICML} 2012, Edinburgh, Scotland, UK, June 26 - July 1, 2012},
  publisher = {icml.cc / Omnipress},
  year      = {2012},
  timestamp = {Fri, 25 Jan 2013 09:27:34 +0100},
  biburl    = {http://dblp.uni-trier.de/rec/bib/conf/icml/2012},
  bibsource = {dblp computer science bibliography, http://dblp.org}
}

@proceedings{DBLP:conf/icpr/2012,
  title     = {Proceedings of the 21st International Conference on Pattern Recognition,
               {ICPR} 2012, Tsukuba, Japan, November 11-15, 2012},
  publisher = {{IEEE} Computer Society},
  year      = {2012},
  url       = {http://ieeexplore.ieee.org/xpl/mostRecentIssue.jsp?punumber=6425799},
  isbn      = {978-1-4673-2216-4},
  timestamp = {Thu, 02 Oct 2014 17:00:46 +0200},
  biburl    = {http://dblp.uni-trier.de/rec/bib/conf/icpr/2012},
  bibsource = {dblp computer science bibliography, http://dblp.org}
}

@proceedings{DBLP:conf/interspeech/2012,
  title     = {{INTERSPEECH} 2012, 13th Annual Conference of the International Speech
               Communication Association, Portland, Oregon, USA, September 9-13,
               2012},
  publisher = {{ISCA}},
  year      = {2012},
  url       = {http://www.isca-speech.org/archive/interspeech_2012},
  timestamp = {Mon, 27 Jan 2014 17:26:55 +0100},
  biburl    = {http://dblp.uni-trier.de/rec/bib/conf/interspeech/2012},
  bibsource = {dblp computer science bibliography, http://dblp.org}
}

@proceedings{DBLP:conf/nips/2012,
  editor    = {Peter L. Bartlett and
               Fernando C. N. Pereira and
               Christopher J. C. Burges and
               L{\'{e}}on Bottou and
               Kilian Q. Weinberger},
  title     = {Advances in Neural Information Processing Systems 25: 26th Annual
               Conference on Neural Information Processing Systems 2012. Proceedings
               of a meeting held December 3-6, 2012, Lake Tahoe, Nevada, United States},
  year      = {2012},
  url       = {http://papers.nips.cc/book/advances-in-neural-information-processing-systems-25-2012},
  timestamp = {Thu, 11 Dec 2014 17:34:07 +0100},
  biburl    = {http://dblp.uni-trier.de/rec/bib/conf/nips/2012},
  bibsource = {dblp computer science bibliography, http://dblp.org}
}

@book{DBLP:series/lncs/7700,
  editor    = {Gr{\'{e}}goire Montavon and
               Genevieve B. Orr and
               Klaus{-}Robert M{\"{u}}ller},
  title     = {Neural Networks: Tricks of the Trade - Second Edition},
  booktitle = {Neural Networks: Tricks of the Trade (2nd ed.)},
  series    = {Lecture Notes in Computer Science},
  volume    = {7700},
  publisher = {Springer},
  year      = {2012},
  url       = {http://dx.doi.org/10.1007/978-3-642-35289-8},
  doi       = {10.1007/978-3-642-35289-8},
  isbn      = {978-3-642-35288-1},
  timestamp = {Mon, 09 Sep 2013 18:51:12 +0200},
  biburl    = {http://dblp.uni-trier.de/rec/bib/series/lncs/7700},
  bibsource = {dblp computer science bibliography, http://dblp.org}
}

@proceedings{DBLP:conf/acl/2011,
  editor    = {Dekang Lin and
               Yuji Matsumoto and
               Rada Mihalcea},
  title     = {The 49th Annual Meeting of the Association for Computational Linguistics:
               Human Language Technologies, Proceedings of the Conference, 19-24
               June, 2011, Portland, Oregon, {USA}},
  publisher = {The Association for Computer Linguistics},
  year      = {2011},
  isbn      = {978-1-932432-87-9},
  timestamp = {Fri, 02 Dec 2011 14:17:37 +0100},
  biburl    = {http://dblp.uni-trier.de/rec/bib/conf/acl/2011},
  bibsource = {dblp computer science bibliography, http://dblp.org}
}

@proceedings{DBLP:conf/cvpr/2011,
  title     = {The 24th {IEEE} Conference on Computer Vision and Pattern Recognition,
               {CVPR} 2011, Colorado Springs, CO, USA, 20-25 June 2011},
  publisher = {{IEEE} Computer Society},
  year      = {2011},
  url       = {http://ieeexplore.ieee.org/xpl/mostRecentIssue.jsp?punumber=5968010},
  isbn      = {978-1-4577-0394-2},
  timestamp = {Tue, 25 Nov 2014 17:05:17 +0100},
  biburl    = {http://dblp.uni-trier.de/rec/bib/conf/cvpr/2011},
  bibsource = {dblp computer science bibliography, http://dblp.org}
}

@proceedings{DBLP:conf/emnlp/2011,
  title     = {Proceedings of the 2011 Conference on Empirical Methods in Natural
               Language Processing, {EMNLP} 2011, 27-31 July 2011, John McIntyre
               Conference Centre, Edinburgh, UK, {A} meeting of SIGDAT, a Special
               Interest Group of the {ACL}},
  publisher = {{ACL}},
  year      = {2011},
  isbn      = {978-1-937284-11-4},
  timestamp = {Mon, 21 Nov 2011 12:50:56 +0100},
  biburl    = {http://dblp.uni-trier.de/rec/bib/conf/emnlp/2011},
  bibsource = {dblp computer science bibliography, http://dblp.org}
}

@proceedings{DBLP:conf/icdar/2011,
  title     = {2011 International Conference on Document Analysis and Recognition,
               {ICDAR} 2011, Beijing, China, September 18-21, 2011},
  publisher = {{IEEE} Computer Society},
  year      = {2011},
  url       = {http://ieeexplore.ieee.org/xpl/mostRecentIssue.jsp?punumber=6065245},
  isbn      = {978-1-4577-1350-7},
  timestamp = {Mon, 03 Nov 2014 16:48:05 +0100},
  biburl    = {http://dblp.uni-trier.de/rec/bib/conf/icdar/2011},
  bibsource = {dblp computer science bibliography, http://dblp.org}
}

@proceedings{DBLP:conf/icml/2011,
  editor    = {Lise Getoor and
               Tobias Scheffer},
  title     = {Proceedings of the 28th International Conference on Machine Learning,
               {ICML} 2011, Bellevue, Washington, USA, June 28 - July 2, 2011},
  publisher = {Omnipress},
  year      = {2011},
  timestamp = {Fri, 16 Dec 2011 12:22:26 +0100},
  biburl    = {http://dblp.uni-trier.de/rec/bib/conf/icml/2011},
  bibsource = {dblp computer science bibliography, http://dblp.org}
}

@proceedings{DBLP:conf/icra/2011,
  title     = {{IEEE} International Conference on Robotics and Automation, {ICRA}
               2011, Shanghai, China, 9-13 May 2011},
  publisher = {{IEEE}},
  year      = {2011},
  timestamp = {Wed, 17 Aug 2011 07:50:00 +0200},
  biburl    = {http://dblp.uni-trier.de/rec/bib/conf/icra/2011},
  bibsource = {dblp computer science bibliography, http://dblp.org}
}

@proceedings{DBLP:conf/nips/2011,
  editor    = {John Shawe{-}Taylor and
               Richard S. Zemel and
               Peter L. Bartlett and
               Fernando C. N. Pereira and
               Kilian Q. Weinberger},
  title     = {Advances in Neural Information Processing Systems 24: 25th Annual
               Conference on Neural Information Processing Systems 2011. Proceedings
               of a meeting held 12-14 December 2011, Granada, Spain},
  year      = {2011},
  url       = {http://papers.nips.cc/book/advances-in-neural-information-processing-systems-24-2011},
  timestamp = {Thu, 11 Dec 2014 17:34:08 +0100},
  biburl    = {http://dblp.uni-trier.de/rec/bib/conf/nips/2011},
  bibsource = {dblp computer science bibliography, http://dblp.org}
}

@proceedings{DBLP:conf/aistats/2011,
  editor    = {Geoffrey J. Gordon and
               David B. Dunson and
               Miroslav Dud{\'{\i}}k},
  title     = {Proceedings of the Fourteenth International Conference on Artificial
               Intelligence and Statistics, {AISTATS} 2011, Fort Lauderdale, USA,
               April 11-13, 2011},
  series    = {{JMLR} Proceedings},
  volume    = {15},
  publisher = {JMLR.org},
  year      = {2011},
  url       = {http://jmlr.org/proceedings/papers/v15/},
  timestamp = {Thu, 11 Sep 2014 07:28:56 +0200},
  biburl    = {http://dblp.uni-trier.de/rec/bib/conf/aistats/2011},
  bibsource = {dblp computer science bibliography, http://dblp.org}
}

@proceedings{DBLP:conf/aaai/2010middle,
  title     = {Enabling Intelligence through Middleware, Papers from the 2010 {AAAI}
               Robot Workshop, Atlanta, Georgia, USA, July 12, 2010},
  series    = {{AAAI} Workshops},
  volume    = {{WS-10-09}},
  publisher = {{AAAI}},
  year      = {2010},
  url       = {http://www.aaai.org/Library/Workshops/ws10-09.php},
  timestamp = {Thu, 08 Mar 2012 15:46:53 +0100},
  biburl    = {http://dblp.uni-trier.de/rec/bib/conf/aaai/2010middle},
  bibsource = {dblp computer science bibliography, http://dblp.org}
}

@proceedings{DBLP:conf/cvpr/2010,
  title     = {The Twenty-Third {IEEE} Conference on Computer Vision and Pattern
               Recognition, {CVPR} 2010, San Francisco, CA, USA, 13-18 June 2010},
  publisher = {{IEEE} Computer Society},
  year      = {2010},
  url       = {http://ieeexplore.ieee.org/xpl/mostRecentIssue.jsp?punumber=5521876},
  isbn      = {978-1-4244-6984-0},
  timestamp = {Tue, 25 Nov 2014 17:05:17 +0100},
  biburl    = {http://dblp.uni-trier.de/rec/bib/conf/cvpr/2010},
  bibsource = {dblp computer science bibliography, http://dblp.org}
}

@proceedings{DBLP:conf/icra/2010,
  title     = {{IEEE} International Conference on Robotics and Automation, {ICRA}
               2010, Anchorage, Alaska, USA, 3-7 May 2010},
  publisher = {{IEEE}},
  year      = {2010},
  timestamp = {Wed, 25 Aug 2010 09:49:22 +0200},
  biburl    = {http://dblp.uni-trier.de/rec/bib/conf/icra/2010},
  bibsource = {dblp computer science bibliography, http://dblp.org}
}

@proceedings{DBLP:conf/iros/2010,
  title     = {2010 {IEEE/RSJ} International Conference on Intelligent Robots and
               Systems, October 18-22, 2010, Taipei, Taiwan},
  publisher = {{IEEE}},
  year      = {2010},
  url       = {http://ieeexplore.ieee.org/xpl/mostRecentIssue.jsp?punumber=5639431},
  isbn      = {978-1-4244-6674-0},
  timestamp = {Mon, 11 May 2015 16:37:25 +0200},
  biburl    = {http://dblp.uni-trier.de/rec/bib/conf/iros/2010},
  bibsource = {dblp computer science bibliography, http://dblp.org}
}

@proceedings{DBLP:conf/nips/2010,
  editor    = {John D. Lafferty and
               Christopher K. I. Williams and
               John Shawe{-}Taylor and
               Richard S. Zemel and
               Aron Culotta},
  title     = {Advances in Neural Information Processing Systems 23: 24th Annual
               Conference on Neural Information Processing Systems 2010. Proceedings
               of a meeting held 6-9 December 2010, Vancouver, British Columbia,
               Canada},
  publisher = {Curran Associates, Inc.},
  year      = {2010},
  url       = {http://papers.nips.cc/book/advances-in-neural-information-processing-systems-23-2010},
  timestamp = {Thu, 11 Dec 2014 17:34:08 +0100},
  biburl    = {http://dblp.uni-trier.de/rec/bib/conf/nips/2010},
  bibsource = {dblp computer science bibliography, http://dblp.org}
}

@book{DBLP:reference/ml/2010,
  editor    = {Claude Sammut and
               Geoffrey I. Webb},
  title     = {Encyclopedia of Machine Learning},
  booktitle = {Encyclopedia of Machine Learning},
  publisher = {Springer},
  year      = {2010},
  url       = {http://dx.doi.org/10.1007/978-0-387-30164-8},
  doi       = {10.1007/978-0-387-30164-8},
  isbn      = {978-0-387-30768-8},
  timestamp = {Fri, 25 Nov 2011 17:51:30 +0100},
  biburl    = {http://dblp.uni-trier.de/rec/bib/reference/ml/2010},
  bibsource = {dblp computer science bibliography, http://dblp.org}
}

@proceedings{DBLP:conf/icml/2009,
  editor    = {Andrea Pohoreckyj Danyluk and
               L{\'{e}}on Bottou and
               Michael L. Littman},
  title     = {Proceedings of the 26th Annual International Conference on Machine
               Learning, {ICML} 2009, Montreal, Quebec, Canada, June 14-18, 2009},
  series    = {{ACM} International Conference Proceeding Series},
  volume    = {382},
  publisher = {{ACM}},
  year      = {2009},
  isbn      = {978-1-60558-516-1},
  timestamp = {Tue, 16 Jun 2009 10:29:19 +0200},
  biburl    = {http://dblp.uni-trier.de/rec/bib/conf/icml/2009},
  bibsource = {dblp computer science bibliography, http://dblp.org}
}

@proceedings{DBLP:conf/icra/2009,
  title     = {2009 {IEEE} International Conference on Robotics and Automation, {ICRA}
               2009, Kobe, Japan, May 12-17, 2009},
  publisher = {{IEEE}},
  year      = {2009},
  timestamp = {Fri, 15 Jan 2010 08:24:40 +0100},
  biburl    = {http://dblp.uni-trier.de/rec/bib/conf/icra/2009},
  bibsource = {dblp computer science bibliography, http://dblp.org}
}

@proceedings{DBLP:conf/ijcai/2009,
  editor    = {Craig Boutilier},
  title     = {{IJCAI} 2009, Proceedings of the 21st International Joint Conference
               on Artificial Intelligence, Pasadena, California, USA, July 11-17,
               2009},
  year      = {2009},
  timestamp = {Tue, 13 Oct 2009 12:33:41 +0200},
  biburl    = {http://dblp.uni-trier.de/rec/bib/conf/ijcai/2009},
  bibsource = {dblp computer science bibliography, http://dblp.org}
}

@proceedings{DBLP:conf/iros/2009,
  title     = {2009 {IEEE/RSJ} International Conference on Intelligent Robots and
               Systems, October 11-15, 2009, St. Louis, MO, {USA}},
  publisher = {{IEEE}},
  year      = {2009},
  url       = {http://ieeexplore.ieee.org/xpl/mostRecentIssue.jsp?punumber=5342790},
  isbn      = {978-1-4244-3803-7},
  timestamp = {Mon, 11 May 2015 16:37:25 +0200},
  biburl    = {http://dblp.uni-trier.de/rec/bib/conf/iros/2009},
  bibsource = {dblp computer science bibliography, http://dblp.org}
}

@proceedings{DBLP:conf/nips/2009,
  editor    = {Yoshua Bengio and
               Dale Schuurmans and
               John D. Lafferty and
               Christopher K. I. Williams and
               Aron Culotta},
  title     = {Advances in Neural Information Processing Systems 22: 23rd Annual
               Conference on Neural Information Processing Systems 2009. Proceedings
               of a meeting held 7-10 December 2009, Vancouver, British Columbia,
               Canada},
  publisher = {Curran Associates, Inc.},
  year      = {2009},
  url       = {http://papers.nips.cc/book/advances-in-neural-information-processing-systems-22-2009},
  isbn      = {9781615679119},
  timestamp = {Thu, 11 Dec 2014 17:34:07 +0100},
  biburl    = {http://dblp.uni-trier.de/rec/bib/conf/nips/2009},
  bibsource = {dblp computer science bibliography, http://dblp.org}
}

@proceedings{DBLP:conf/rss/2009,
  editor    = {Jeff Trinkle and
               Yoky Matsuoka and
               Jos{\'{e}} A. Castellanos},
  title     = {Robotics: Science and Systems V, University of Washington, Seattle,
               USA, June 28 - July 1, 2009},
  publisher = {The {MIT} Press},
  year      = {2010},
  url       = {http://www.roboticsproceedings.org/rss05/},
  isbn      = {978-0-262-51463-7},
  timestamp = {Sun, 18 Dec 2011 19:46:25 +0100},
  biburl    = {http://dblp.uni-trier.de/rec/bib/conf/rss/2009},
  bibsource = {dblp computer science bibliography, http://dblp.org}
}

@proceedings{DBLP:conf/vmv/2009,
  editor    = {Marcus A. Magnor and
               Bodo Rosenhahn and
               Holger Theisel},
  title     = {Proceedings of the Vision, Modeling, and Visualization Workshop 2009,
               November 16-18, 2009, Braunschweig, Germany},
  publisher = {{DNB}},
  year      = {2009},
  isbn      = {978-3-9804874-8-1},
  timestamp = {Tue, 25 Jan 2011 15:59:15 +0100},
  biburl    = {http://dblp.uni-trier.de/rec/bib/conf/vmv/2009},
  bibsource = {dblp computer science bibliography, http://dblp.org}
}

@proceedings{DBLP:conf/aaai/2008,
  editor    = {Dieter Fox and
               Carla P. Gomes},
  title     = {Proceedings of the Twenty-Third {AAAI} Conference on Artificial Intelligence,
               {AAAI} 2008, Chicago, Illinois, USA, July 13-17, 2008},
  publisher = {{AAAI} Press},
  year      = {2008},
  isbn      = {978-1-57735-368-3},
  timestamp = {Fri, 15 Aug 2008 11:13:22 +0200},
  biburl    = {http://dblp.uni-trier.de/rec/bib/conf/aaai/2008},
  bibsource = {dblp computer science bibliography, http://dblp.org}
}

@proceedings{DBLP:conf/emnlp/2008,
  title     = {2008 Conference on Empirical Methods in Natural Language Processing,
               {EMNLP} 2008, Proceedings of the Conference, 25-27 October 2008, Honolulu,
               Hawaii, USA, {A} meeting of SIGDAT, a Special Interest Group of the
               {ACL}},
  publisher = {{ACL}},
  year      = {2008},
  timestamp = {Thu, 16 Apr 2009 13:16:16 +0200},
  biburl    = {http://dblp.uni-trier.de/rec/bib/conf/emnlp/2008},
  bibsource = {dblp computer science bibliography, http://dblp.org}
}

@proceedings{DBLP:conf/icml/2008,
  editor    = {William W. Cohen and
               Andrew McCallum and
               Sam T. Roweis},
  title     = {Machine Learning, Proceedings of the Twenty-Fifth International Conference
               {(ICML} 2008), Helsinki, Finland, June 5-9, 2008},
  series    = {{ACM} International Conference Proceeding Series},
  volume    = {307},
  publisher = {{ACM}},
  year      = {2008},
  isbn      = {978-1-60558-205-4},
  timestamp = {Thu, 14 Aug 2008 13:27:10 +0200},
  biburl    = {http://dblp.uni-trier.de/rec/bib/conf/icml/2008},
  bibsource = {dblp computer science bibliography, http://dblp.org}
}

@proceedings{DBLP:conf/icra/2008,
  title     = {2008 {IEEE} International Conference on Robotics and Automation, {ICRA}
               2008, May 19-23, 2008, Pasadena, California, {USA}},
  publisher = {{IEEE}},
  year      = {2008},
  timestamp = {Thu, 06 Nov 2008 14:16:57 +0100},
  biburl    = {http://dblp.uni-trier.de/rec/bib/conf/icra/2008},
  bibsource = {dblp computer science bibliography, http://dblp.org}
}

@proceedings{DBLP:conf/iros/2008,
  title     = {2008 {IEEE/RSJ} International Conference on Intelligent Robots and
               Systems, September 22-26, 2008, Acropolis Convention Center, Nice,
               France},
  publisher = {{IEEE}},
  year      = {2008},
  url       = {http://ieeexplore.ieee.org/xpl/mostRecentIssue.jsp?punumber=4637508},
  isbn      = {978-1-4244-2057-5},
  timestamp = {Mon, 11 May 2015 16:37:25 +0200},
  biburl    = {http://dblp.uni-trier.de/rec/bib/conf/iros/2008},
  bibsource = {dblp computer science bibliography, http://dblp.org}
}

@proceedings{DBLP:conf/iser/2008,
  editor    = {Oussama Khatib and
               Vijay Kumar and
               George J. Pappas},
  title     = {Experimental Robotics, The Eleventh International Symposium, {ISER}
               2008, July 13-16, 2008, Athens, Greece},
  series    = {Springer Tracts in Advanced Robotics},
  volume    = {54},
  publisher = {Springer},
  year      = {2009},
  url       = {http://dx.doi.org/10.1007/978-3-642-00196-3},
  doi       = {10.1007/978-3-642-00196-3},
  isbn      = {978-3-642-00195-6},
  timestamp = {Mon, 11 May 2009 21:31:39 +0200},
  biburl    = {http://dblp.uni-trier.de/rec/bib/conf/iser/2008},
  bibsource = {dblp computer science bibliography, http://dblp.org}
}

@proceedings{DBLP:conf/emnlp/2007,
  editor    = {Jason Eisner},
  title     = {EMNLP-CoNLL 2007, Proceedings of the 2007 Joint Conference on Empirical
               Methods in Natural Language Processing and Computational Natural Language
               Learning, June 28-30, 2007, Prague, Czech Republic},
  publisher = {{ACL}},
  year      = {2007},
  url       = {http://www.aclweb.org/anthology/K/K07/},
  timestamp = {Thu, 22 Jan 2015 16:51:46 +0100},
  biburl    = {http://dblp.uni-trier.de/rec/bib/conf/emnlp/2007},
  bibsource = {dblp computer science bibliography, http://dblp.org}
}

@proceedings{DBLP:conf/iccv/2007,
  title     = {{IEEE} 11th International Conference on Computer Vision, {ICCV} 2007,
               Rio de Janeiro, Brazil, October 14-20, 2007},
  publisher = {{IEEE}},
  year      = {2007},
  timestamp = {Tue, 04 Nov 2008 11:00:42 +0100},
  biburl    = {http://dblp.uni-trier.de/rec/bib/conf/iccv/2007},
  bibsource = {dblp computer science bibliography, http://dblp.org}
}

@proceedings{DBLP:conf/icml/2007,
  editor    = {Zoubin Ghahramani},
  title     = {Machine Learning, Proceedings of the Twenty-Fourth International Conference
               {(ICML} 2007), Corvallis, Oregon, USA, June 20-24, 2007},
  series    = {{ACM} International Conference Proceeding Series},
  volume    = {227},
  publisher = {{ACM}},
  year      = {2007},
  isbn      = {978-1-59593-793-3},
  timestamp = {Fri, 01 Jul 2011 12:24:37 +0200},
  biburl    = {http://dblp.uni-trier.de/rec/bib/conf/icml/2007},
  bibsource = {dblp computer science bibliography, http://dblp.org}
}

@proceedings{DBLP:conf/ijcai/2007,
  editor    = {Manuela M. Veloso},
  title     = {{IJCAI} 2007, Proceedings of the 20th International Joint Conference
               on Artificial Intelligence, Hyderabad, India, January 6-12, 2007},
  year      = {2007},
  timestamp = {Fri, 19 Dec 2008 17:01:54 +0100},
  biburl    = {http://dblp.uni-trier.de/rec/bib/conf/ijcai/2007},
  bibsource = {dblp computer science bibliography, http://dblp.org}
}

@proceedings{DBLP:conf/isrr/2007,
  editor    = {Makoto Kaneko and
               Yoshihiko Nakamura},
  title     = {Robotics Research - The 13th International Symposium, {ISRR} 2007,
               November 26-29, 2007 in Hiroshima, Japan},
  series    = {Springer Tracts in Advanced Robotics},
  volume    = {66},
  publisher = {Springer},
  year      = {2011},
  url       = {http://dx.doi.org/10.1007/978-3-642-14743-2},
  doi       = {10.1007/978-3-642-14743-2},
  isbn      = {978-3-642-14742-5},
  timestamp = {Sat, 10 Sep 2011 21:01:22 +0200},
  biburl    = {http://dblp.uni-trier.de/rec/bib/conf/isrr/2007},
  bibsource = {dblp computer science bibliography, http://dblp.org}
}

@proceedings{DBLP:conf/nips/2007,
  editor    = {John C. Platt and
               Daphne Koller and
               Yoram Singer and
               Sam T. Roweis},
  title     = {Advances in Neural Information Processing Systems 20, Proceedings
               of the Twenty-First Annual Conference on Neural Information Processing
               Systems, Vancouver, British Columbia, Canada, December 3-6, 2007},
  publisher = {Curran Associates, Inc.},
  year      = {2008},
  url       = {http://papers.nips.cc/book/advances-in-neural-information-processing-systems-20-2007},
  timestamp = {Thu, 11 Dec 2014 17:34:07 +0100},
  biburl    = {http://dblp.uni-trier.de/rec/bib/conf/nips/2007},
  bibsource = {dblp computer science bibliography, http://dblp.org}
}

@proceedings{DBLP:conf/rss/2007,
  editor    = {Wolfram Burgard and
               Oliver Brock and
               Cyrill Stachniss},
  title     = {Robotics: Science and Systems III, June 27-30, 2007, Georgia Institute
               of Technology, Atlanta, Georgia, {USA}},
  publisher = {The {MIT} Press},
  year      = {2008},
  isbn      = {978-0-262-52484-1},
  timestamp = {Sun, 25 May 2008 17:41:24 +0200},
  biburl    = {http://dblp.uni-trier.de/rec/bib/conf/rss/2007},
  bibsource = {dblp computer science bibliography, http://dblp.org}
}

@proceedings{DBLP:conf/uai/2007,
  editor    = {Ronald Parr and
               Linda C. van der Gaag},
  title     = {{UAI} 2007, Proceedings of the Twenty-Third Conference on Uncertainty
               in Artificial Intelligence, Vancouver, BC, Canada, July 19-22, 2007},
  publisher = {{AUAI} Press},
  year      = {2007},
  url       = {https://dslpitt.org/uai/displayArticles.jsp?mmnu=1&amp;smnu=1&amp;proceeding_id=23},
  isbn      = {0-9749039-3-0},
  timestamp = {Wed, 06 May 2015 15:02:53 +0200},
  biburl    = {http://dblp.uni-trier.de/rec/bib/conf/uai/2007},
  bibsource = {dblp computer science bibliography, http://dblp.org}
}

@proceedings{DBLP:conf/aaai/2006,
  title     = {Proceedings, The Twenty-First National Conference on Artificial Intelligence
               and the Eighteenth Innovative Applications of Artificial Intelligence
               Conference, July 16-20, 2006, Boston, Massachusetts, {USA}},
  publisher = {{AAAI} Press},
  year      = {2006},
  timestamp = {Thu, 13 Jul 2006 12:28:06 +0200},
  biburl    = {http://dblp.uni-trier.de/rec/bib/conf/aaai/2006},
  bibsource = {dblp computer science bibliography, http://dblp.org}
}

@proceedings{DBLP:conf/acl/2006,
  editor    = {Nicoletta Calzolari and
               Claire Cardie and
               Pierre Isabelle},
  title     = {{ACL} 2006, 21st International Conference on Computational Linguistics
               and 44th Annual Meeting of the Association for Computational Linguistics,
               Proceedings of the Conference, Sydney, Australia, 17-21 July 2006},
  publisher = {The Association for Computer Linguistics},
  year      = {2006},
  url       = {http://aclweb.org/anthology/P/P06/},
  timestamp = {Mon, 04 Mar 2013 20:57:24 +0100},
  biburl    = {http://dblp.uni-trier.de/rec/bib/conf/acl/2006},
  bibsource = {dblp computer science bibliography, http://dblp.org}
}

@proceedings{DBLP:conf/alt/2006,
  editor    = {Jos{\'{e}} L. Balc{\'{a}}zar and
               Philip M. Long and
               Frank Stephan},
  title     = {Algorithmic Learning Theory, 17th International Conference, {ALT}
               2006, Barcelona, Spain, October 7-10, 2006, Proceedings},
  series    = {Lecture Notes in Computer Science},
  volume    = {4264},
  publisher = {Springer},
  year      = {2006},
  isbn      = {3-540-46649-5},
  timestamp = {Tue, 24 Oct 2006 15:13:23 +0200},
  biburl    = {http://dblp.uni-trier.de/rec/bib/conf/alt/2006},
  bibsource = {dblp computer science bibliography, http://dblp.org}
}

@proceedings{DBLP:conf/chi/2006,
  editor    = {Rebecca E. Grinter and
               Tom Rodden and
               Paul M. Aoki and
               Edward Cutrell and
               Robin Jeffries and
               Gary M. Olson},
  title     = {Proceedings of the 2006 Conference on Human Factors in Computing Systems,
               {CHI} 2006, Montr{\'{e}}al, Qu{\'{e}}bec, Canada, April 22-27, 2006},
  publisher = {{ACM}},
  year      = {2006},
  isbn      = {1-59593-372-7},
  timestamp = {Tue, 26 Sep 2006 13:11:50 +0200},
  biburl    = {http://dblp.uni-trier.de/rec/bib/conf/chi/2006},
  bibsource = {dblp computer science bibliography, http://dblp.org}
}

@proceedings{DBLP:conf/cvpr/2006,
  title     = {2006 {IEEE} Computer Society Conference on Computer Vision and Pattern
               Recognition {(CVPR} 2006), 17-22 June 2006, New York, NY, {USA}},
  publisher = {{IEEE} Computer Society},
  year      = {2006},
  url       = {http://ieeexplore.ieee.org/xpl/mostRecentIssue.jsp?punumber=10924},
  isbn      = {0-7695-2597-0},
  timestamp = {Tue, 25 Nov 2014 17:05:17 +0100},
  biburl    = {http://dblp.uni-trier.de/rec/bib/conf/cvpr/2006},
  bibsource = {dblp computer science bibliography, http://dblp.org}
}

@proceedings{DBLP:conf/dis/2006,
  editor    = {Ljupco Todorovski and
               Nada Lavrac and
               Klaus P. Jantke},
  title     = {Discovery Science, 9th International Conference, {DS} 2006, Barcelona,
               Spain, October 7-10, 2006, Proceedings},
  series    = {Lecture Notes in Computer Science},
  volume    = {4265},
  publisher = {Springer},
  year      = {2006},
  isbn      = {3-540-46491-3},
  timestamp = {Tue, 14 Nov 2006 12:22:11 +0100},
  biburl    = {http://dblp.uni-trier.de/rec/bib/conf/dis/2006},
  bibsource = {dblp computer science bibliography, http://dblp.org}
}

@proceedings{DBLP:conf/emnlp/2006,
  editor    = {Dan Jurafsky and
               {\'{E}}ric Gaussier},
  title     = {{EMNLP} 2007, Proceedings of the 2006 Conference on Empirical Methods
               in Natural Language Processing, 22-23 July 2006, Sydney, Australia},
  publisher = {{ACL}},
  year      = {2006},
  isbn      = {1-932432-73-6},
  timestamp = {Wed, 23 Jun 2010 10:51:58 +0200},
  biburl    = {http://dblp.uni-trier.de/rec/bib/conf/emnlp/2006},
  bibsource = {dblp computer science bibliography, http://dblp.org}
}

@proceedings{DBLP:conf/icml/2006,
  editor    = {William W. Cohen and
               Andrew Moore},
  title     = {Machine Learning, Proceedings of the Twenty-Third International Conference
               {(ICML} 2006), Pittsburgh, Pennsylvania, USA, June 25-29, 2006},
  series    = {{ACM} International Conference Proceeding Series},
  volume    = {148},
  publisher = {{ACM}},
  year      = {2006},
  isbn      = {1-59593-383-2},
  timestamp = {Mon, 22 Oct 2007 13:47:35 +0200},
  biburl    = {http://dblp.uni-trier.de/rec/bib/conf/icml/2006},
  bibsource = {dblp computer science bibliography, http://dblp.org}
}

@proceedings{DBLP:conf/icra/2006,
  title     = {Proceedings of the 2006 {IEEE} International Conference on Robotics
               and Automation, {ICRA} 2006, May 15-19, 2006, Orlando, Florida, {USA}},
  publisher = {{IEEE}},
  year      = {2006},
  timestamp = {Wed, 28 Nov 2007 13:52:31 +0100},
  biburl    = {http://dblp.uni-trier.de/rec/bib/conf/icra/2006},
  bibsource = {dblp computer science bibliography, http://dblp.org}
}

@proceedings{DBLP:conf/interspeech/2006,
  title     = {{INTERSPEECH} 2006 - ICSLP, Ninth International Conference on Spoken
               Language Processing, Pittsburgh, PA, USA, September 17-21, 2006},
  publisher = {{ISCA}},
  year      = {2006},
  timestamp = {Fri, 11 Mar 2011 14:41:35 +0100},
  biburl    = {http://dblp.uni-trier.de/rec/bib/conf/interspeech/2006},
  bibsource = {dblp computer science bibliography, http://dblp.org}
}

@proceedings{DBLP:conf/iser/2006,
  editor    = {Oussama Khatib and
               Vijay Kumar and
               Daniela Rus},
  title     = {Experimental Robotics, The 10th International Symposium on Experimental
               Robotics {[ISER} '06, July 6-10, 2006, Rio de Janeiro, Brazil]},
  series    = {Springer Tracts in Advanced Robotics},
  volume    = {39},
  publisher = {Springer},
  year      = {2008},
  isbn      = {978-3-540-77456-3},
  timestamp = {Mon, 22 Sep 2008 11:22:42 +0200},
  biburl    = {http://dblp.uni-trier.de/rec/bib/conf/iser/2006},
  bibsource = {dblp computer science bibliography, http://dblp.org}
}

@proceedings{DBLP:conf/nips/2006,
  editor    = {Bernhard Sch{\"{o}}lkopf and
               John C. Platt and
               Thomas Hofmann},
  title     = {Advances in Neural Information Processing Systems 19, Proceedings
               of the Twentieth Annual Conference on Neural Information Processing
               Systems, Vancouver, British Columbia, Canada, December 4-7, 2006},
  publisher = {{MIT} Press},
  year      = {2007},
  url       = {http://papers.nips.cc/book/advances-in-neural-information-processing-systems-19-2006},
  isbn      = {0-262-19568-2},
  timestamp = {Tue, 05 Jan 2016 17:17:56 +0100},
  biburl    = {http://dblp.uni-trier.de/rec/bib/conf/nips/2006},
  bibsource = {dblp computer science bibliography, http://dblp.org}
}

@proceedings{DBLP:conf/osdi/2006,
  editor    = {Brian N. Bershad and
               Jeffrey C. Mogul},
  title     = {7th Symposium on Operating Systems Design and Implementation {(OSDI}
               '06), November 6-8, Seattle, WA, {USA}},
  publisher = {{USENIX} Association},
  year      = {2006},
  url       = {https://www.usenix.org/publications/proceedings/?f[0]=im_group_audience%3A137},
  isbn      = {1-931971-47-1},
  timestamp = {Thu, 15 May 2014 18:36:23 +0200},
  biburl    = {http://dblp.uni-trier.de/rec/bib/conf/osdi/2006},
  bibsource = {dblp computer science bibliography, http://dblp.org}
}

@proceedings{DBLP:conf/sigir/2006,
  editor    = {Efthimis N. Efthimiadis and
               Susan T. Dumais and
               David Hawking and
               Kalervo J{\"{a}}rvelin},
  title     = {{SIGIR} 2006: Proceedings of the 29th Annual International {ACM} {SIGIR}
               Conference on Research and Development in Information Retrieval, Seattle,
               Washington, USA, August 6-11, 2006},
  publisher = {{ACM}},
  year      = {2006},
  isbn      = {1-59593-369-7},
  timestamp = {Wed, 30 Aug 2006 12:54:42 +0200},
  biburl    = {http://dblp.uni-trier.de/rec/bib/conf/sigir/2006},
  bibsource = {dblp computer science bibliography, http://dblp.org}
}

@proceedings{DBLP:conf/aaai/2005,
  editor    = {Manuela M. Veloso and
               Subbarao Kambhampati},
  title     = {Proceedings, The Twentieth National Conference on Artificial Intelligence
               and the Seventeenth Innovative Applications of Artificial Intelligence
               Conference, July 9-13, 2005, Pittsburgh, Pennsylvania, {USA}},
  publisher = {{AAAI} Press / The {MIT} Press},
  year      = {2005},
  isbn      = {1-57735-236-X},
  timestamp = {Mon, 26 Feb 2007 09:10:53 +0100},
  biburl    = {http://dblp.uni-trier.de/rec/bib/conf/aaai/2005},
  bibsource = {dblp computer science bibliography, http://dblp.org}
}

@proceedings{DBLP:conf/ceas/2005,
  title     = {{CEAS} 2005 - Second Conference on Email and Anti-Spam, July 21-22,
               2005, Stanford University, California, {USA}},
  year      = {2005},
  timestamp = {Thu, 01 Jun 2006 15:34:42 +0200},
  biburl    = {http://dblp.uni-trier.de/rec/bib/conf/ceas/2005},
  bibsource = {dblp computer science bibliography, http://dblp.org}
}

@proceedings{DBLP:conf/cvpr/2005,
  title     = {2005 {IEEE} Computer Society Conference on Computer Vision and Pattern
               Recognition {(CVPR} 2005), 20-26 June 2005, San Diego, CA, {USA}},
  publisher = {{IEEE} Computer Society},
  year      = {2005},
  url       = {http://ieeexplore.ieee.org/xpl/mostRecentIssue.jsp?punumber=9901},
  isbn      = {0-7695-2372-2},
  timestamp = {Tue, 25 Nov 2014 17:05:17 +0100},
  biburl    = {http://dblp.uni-trier.de/rec/bib/conf/cvpr/2005},
  bibsource = {dblp computer science bibliography, http://dblp.org}
}

@proceedings{DBLP:conf/fsr/2005,
  editor    = {Peter I. Corke and
               Salah Sukkarieh},
  title     = {Field and Service Robotics, Results of the 5th International Conference,
               {FSR} 2005, July 29-31, 2005, Port Douglas, QLD, Australia},
  series    = {Springer Tracts in Advanced Robotics},
  volume    = {25},
  publisher = {Springer},
  year      = {2006},
  isbn      = {978-3-540-33452-1},
  timestamp = {Fri, 26 Sep 2008 09:04:26 +0200},
  biburl    = {http://dblp.uni-trier.de/rec/bib/conf/fsr/2005},
  bibsource = {dblp computer science bibliography, http://dblp.org}
}

@proceedings{DBLP:conf/icml/2005,
  editor    = {Luc De Raedt and
               Stefan Wrobel},
  title     = {Machine Learning, Proceedings of the Twenty-Second International Conference
               {(ICML} 2005), Bonn, Germany, August 7-11, 2005},
  series    = {{ACM} International Conference Proceeding Series},
  volume    = {119},
  publisher = {{ACM}},
  year      = {2005},
  isbn      = {1-59593-180-5},
  timestamp = {Mon, 22 Oct 2007 13:52:21 +0200},
  biburl    = {http://dblp.uni-trier.de/rec/bib/conf/icml/2005},
  bibsource = {dblp computer science bibliography, http://dblp.org}
}

@proceedings{DBLP:conf/isrr/2005,
  editor    = {Sebastian Thrun and
               Rodney A. Brooks and
               Hugh F. Durrant{-}Whyte},
  title     = {Robotics Research: Results of the 12th International Symposium, {ISRR}
               2005, October 12-15, 2005, San Francisco, CA, {USA}},
  series    = {Springer Tracts in Advanced Robotics},
  volume    = {28},
  publisher = {Springer},
  year      = {2007},
  isbn      = {978-3-540-48110-2},
  timestamp = {Thu, 25 Sep 2008 07:54:02 +0200},
  biburl    = {http://dblp.uni-trier.de/rec/bib/conf/isrr/2005},
  bibsource = {dblp computer science bibliography, http://dblp.org}
}

@proceedings{DBLP:conf/naacl/2005,
  title     = {{HLT/EMNLP} 2005, Human Language Technology Conference and Conference
               on Empirical Methods in Natural Language Processing, Proceedings of
               the Conference, 6-8 October 2005, Vancouver, British Columbia, Canada},
  publisher = {The Association for Computational Linguistics},
  year      = {2005},
  timestamp = {Thu, 21 Dec 2006 10:35:02 +0100},
  biburl    = {http://dblp.uni-trier.de/rec/bib/conf/naacl/2005},
  bibsource = {dblp computer science bibliography, http://dblp.org}
}

@proceedings{DBLP:conf/nips/2005,
  title     = {Advances in Neural Information Processing Systems 18 [Neural Information
               Processing Systems, {NIPS} 2005, December 5-8, 2005, Vancouver, British
               Columbia, Canada]},
  year      = {2005},
  url       = {http://papers.nips.cc/book/advances-in-neural-information-processing-systems-18-2005},
  timestamp = {Thu, 11 Dec 2014 17:34:08 +0100},
  biburl    = {http://dblp.uni-trier.de/rec/bib/conf/nips/2005},
  bibsource = {dblp computer science bibliography, http://dblp.org}
}

@proceedings{DBLP:conf/rss/2005,
  editor    = {Sebastian Thrun and
               Gaurav S. Sukhatme and
               Stefan Schaal},
  title     = {Robotics: Science and Systems I, June 8-11, 2005, Massachusetts Institute
               of Technology, Cambridge, Massachusetts},
  publisher = {The {MIT} Press},
  year      = {2005},
  isbn      = {0-262-70114-6},
  timestamp = {Tue, 20 Feb 2007 15:20:44 +0100},
  biburl    = {http://dblp.uni-trier.de/rec/bib/conf/rss/2005},
  bibsource = {dblp computer science bibliography, http://dblp.org}
}

@proceedings{DBLP:conf/uai/2005,
  title     = {{UAI} '05, Proceedings of the 21st Conference in Uncertainty in Artificial
               Intelligence, Edinburgh, Scotland, July 26-29, 2005},
  publisher = {{AUAI} Press},
  year      = {2005},
  isbn      = {0-9749039-1-4},
  timestamp = {Thu, 15 Dec 2011 17:17:44 +0100},
  biburl    = {http://dblp.uni-trier.de/rec/bib/conf/uai/2005},
  bibsource = {dblp computer science bibliography, http://dblp.org}
}

@proceedings{DBLP:conf/icml/2004,
  editor    = {Carla E. Brodley},
  title     = {Machine Learning, Proceedings of the Twenty-first International Conference
               {(ICML} 2004), Banff, Alberta, Canada, July 4-8, 2004},
  series    = {{ACM} International Conference Proceeding Series},
  volume    = {69},
  publisher = {{ACM}},
  year      = {2004},
  timestamp = {Mon, 22 Oct 2007 13:54:01 +0200},
  biburl    = {http://dblp.uni-trier.de/rec/bib/conf/icml/2004},
  bibsource = {dblp computer science bibliography, http://dblp.org}
}

@proceedings{DBLP:conf/iser/2004,
  editor    = {Marcelo H. Ang Jr. and
               Oussama Khatib},
  title     = {Experimental Robotics IX, The 9th International Symposium on Experimental
               Robotics {[ISER} 2004, Singapore, 18.-21. June 2004]},
  series    = {Springer Tracts in Advanced Robotics},
  volume    = {21},
  publisher = {Springer},
  year      = {2006},
  isbn      = {978-3-540-28816-9},
  timestamp = {Mon, 22 Sep 2008 11:12:47 +0200},
  biburl    = {http://dblp.uni-trier.de/rec/bib/conf/iser/2004},
  bibsource = {dblp computer science bibliography, http://dblp.org}
}

@proceedings{DBLP:conf/nips/2004,
  title     = {Advances in Neural Information Processing Systems 17 [Neural Information
               Processing Systems, {NIPS} 2004, December 13-18, 2004, Vancouver,
               British Columbia, Canada]},
  year      = {2004},
  url       = {http://papers.nips.cc/book/advances-in-neural-information-processing-systems-17-2004},
  timestamp = {Thu, 11 Dec 2014 17:34:07 +0100},
  biburl    = {http://dblp.uni-trier.de/rec/bib/conf/nips/2004},
  bibsource = {dblp computer science bibliography, http://dblp.org}
}

@proceedings{DBLP:conf/nips/2003,
  editor    = {Sebastian Thrun and
               Lawrence K. Saul and
               Bernhard Sch{\"{o}}lkopf},
  title     = {Advances in Neural Information Processing Systems 16 [Neural Information
               Processing Systems, {NIPS} 2003, December 8-13, 2003, Vancouver and
               Whistler, British Columbia, Canada]},
  publisher = {{MIT} Press},
  year      = {2004},
  url       = {http://papers.nips.cc/book/advances-in-neural-information-processing-systems-16-2003},
  isbn      = {0-262-20152-6},
  timestamp = {Thu, 11 Dec 2014 17:34:07 +0100},
  biburl    = {http://dblp.uni-trier.de/rec/bib/conf/nips/2003},
  bibsource = {dblp computer science bibliography, http://dblp.org}
}

@proceedings{DBLP:conf/nips/2002,
  editor    = {Suzanna Becker and
               Sebastian Thrun and
               Klaus Obermayer},
  title     = {Advances in Neural Information Processing Systems 15 [Neural Information
               Processing Systems, {NIPS} 2002, December 9-14, 2002, Vancouver, British
               Columbia, Canada]},
  publisher = {{MIT} Press},
  year      = {2003},
  url       = {http://papers.nips.cc/book/advances-in-neural-information-processing-systems-15-2002},
  isbn      = {0-262-02550-7},
  timestamp = {Thu, 11 Dec 2014 17:34:07 +0100},
  biburl    = {http://dblp.uni-trier.de/rec/bib/conf/nips/2002},
  bibsource = {dblp computer science bibliography, http://dblp.org}
}

@proceedings{DBLP:conf/sigir/2002,
  title     = {{SIGIR} 2002: Proceedings of the 25th Annual International {ACM} {SIGIR}
               Conference on Research and Development in Information Retrieval, August
               11-15, 2002, Tampere, Finland},
  publisher = {{ACM}},
  year      = {2002},
  timestamp = {Fri, 06 Dec 2002 08:39:49 +0100},
  biburl    = {http://dblp.uni-trier.de/rec/bib/conf/sigir/2002},
  bibsource = {dblp computer science bibliography, http://dblp.org}
}

@proceedings{DBLP:conf/wafr/2002,
  editor    = {Jean{-}Daniel Boissonnat and
               Joel W. Burdick and
               Ken Goldberg and
               Seth Hutchinson},
  title     = {Algorithmic Foundations of Robotics V, Selected Contributions of the
               Fifth International Workshop on the Algorithmic Foundations of Robotics,
               {WAFR} 2002, Nice, France, December 15-17, 2002},
  series    = {Springer Tracts in Advanced Robotics},
  volume    = {7},
  publisher = {Springer},
  year      = {2004},
  url       = {http://dx.doi.org/10.1007/b80173},
  doi       = {10.1007/b80173},
  isbn      = {978-3-540-40476-7},
  timestamp = {Wed, 09 Apr 2014 09:46:14 +0200},
  biburl    = {http://dblp.uni-trier.de/rec/bib/conf/wafr/2002},
  bibsource = {dblp computer science bibliography, http://dblp.org}
}

@proceedings{DBLP:conf/icml/2001,
  editor    = {Carla E. Brodley and
               Andrea Pohoreckyj Danyluk},
  title     = {Proceedings of the Eighteenth International Conference on Machine
               Learning {(ICML} 2001), Williams College, Williamstown, MA, USA, June
               28 - July 1, 2001},
  publisher = {Morgan Kaufmann},
  year      = {2001},
  isbn      = {1-55860-778-1},
  timestamp = {Wed, 27 Nov 2002 10:53:35 +0100},
  biburl    = {http://dblp.uni-trier.de/rec/bib/conf/icml/2001},
  bibsource = {dblp computer science bibliography, http://dblp.org}
}

@proceedings{DBLP:conf/ijcai/2001,
  editor    = {Bernhard Nebel},
  title     = {Proceedings of the Seventeenth International Joint Conference on Artificial
               Intelligence, {IJCAI} 2001, Seattle, Washington, USA, August 4-10,
               2001},
  publisher = {Morgan Kaufmann},
  year      = {2001},
  isbn      = {1-55860-777-3},
  timestamp = {Mon, 20 Apr 2009 09:38:06 +0200},
  biburl    = {http://dblp.uni-trier.de/rec/bib/conf/ijcai/2001},
  bibsource = {dblp computer science bibliography, http://dblp.org}
}

@proceedings{DBLP:conf/nips/2001,
  editor    = {Thomas G. Dietterich and
               Suzanna Becker and
               Zoubin Ghahramani},
  title     = {Advances in Neural Information Processing Systems 14 [Neural Information
               Processing Systems: Natural and Synthetic, {NIPS} 2001, December 3-8,
               2001, Vancouver, British Columbia, Canada]},
  publisher = {{MIT} Press},
  year      = {2001},
  url       = {http://papers.nips.cc/book/advances-in-neural-information-processing-systems-14-2001},
  timestamp = {Thu, 11 Dec 2014 17:34:08 +0100},
  biburl    = {http://dblp.uni-trier.de/rec/bib/conf/nips/2001},
  bibsource = {dblp computer science bibliography, http://dblp.org}
}

@proceedings{DBLP:conf/sigir/2001,
  editor    = {W. Bruce Croft and
               David J. Harper and
               Donald H. Kraft and
               Justin Zobel},
  title     = {{SIGIR} 2001: Proceedings of the 24th Annual International {ACM} {SIGIR}
               Conference on Research and Development in Information Retrieval, September
               9-13, 2001, New Orleans, Louisiana, {USA}},
  publisher = {{ACM}},
  year      = {2001},
  isbn      = {1-58113-331-6},
  timestamp = {Fri, 06 Dec 2002 08:39:49 +0100},
  biburl    = {http://dblp.uni-trier.de/rec/bib/conf/sigir/2001},
  bibsource = {dblp computer science bibliography, http://dblp.org}
}

@proceedings{DBLP:conf/trec/2001,
  editor    = {Ellen M. Voorhees and
               Donna K. Harman},
  title     = {Proceedings of The Tenth Text REtrieval Conference, {TREC} 2001, Gaithersburg,
               Maryland, USA, November 13-16, 2001},
  volume    = {Special Publication 500-250},
  publisher = {National Institute of Standards and Technology {(NIST)}},
  year      = {2001},
  url       = {http://trec.nist.gov/pubs/trec10/t10_proceedings.html},
  timestamp = {Tue, 07 Apr 2015 13:04:04 +0200},
  biburl    = {http://dblp.uni-trier.de/rec/bib/conf/trec/2001},
  bibsource = {dblp computer science bibliography, http://dblp.org}
}

@proceedings{DBLP:conf/icml/2000,
  editor    = {Pat Langley},
  title     = {Proceedings of the Seventeenth International Conference on Machine
               Learning {(ICML} 2000), Stanford University, Stanford, CA, USA, June
               29 - July 2, 2000},
  publisher = {Morgan Kaufmann},
  year      = {2000},
  isbn      = {1-55860-707-2},
  timestamp = {Sun, 21 Feb 2010 20:54:50 +0100},
  biburl    = {http://dblp.uni-trier.de/rec/bib/conf/icml/2000},
  bibsource = {dblp computer science bibliography, http://dblp.org}
}

@proceedings{DBLP:conf/uai/2000,
  editor    = {Craig Boutilier and
               Mois{\'{e}}s Goldszmidt},
  title     = {{UAI} '00: Proceedings of the 16th Conference in Uncertainty in Artificial
               Intelligence, Stanford University, Stanford, California, USA, June
               30 - July 3, 2000},
  publisher = {Morgan Kaufmann},
  year      = {2000},
  isbn      = {1-55860-709-9},
  timestamp = {Tue, 29 Oct 2002 12:25:58 +0100},
  biburl    = {http://dblp.uni-trier.de/rec/bib/conf/uai/2000},
  bibsource = {dblp computer science bibliography, http://dblp.org}
}

@proceedings{DBLP:conf/icml/1999,
  editor    = {Ivan Bratko and
               Saso Dzeroski},
  title     = {Proceedings of the Sixteenth International Conference on Machine Learning
               {(ICML} 1999), Bled, Slovenia, June 27 - 30, 1999},
  publisher = {Morgan Kaufmann},
  year      = {1999},
  isbn      = {1-55860-612-2},
  timestamp = {Tue, 03 Dec 2002 12:31:12 +0100},
  biburl    = {http://dblp.uni-trier.de/rec/bib/conf/icml/1999},
  bibsource = {dblp computer science bibliography, http://dblp.org}
}

@proceedings{DBLP:conf/ijcai/99,
  editor    = {Thomas Dean},
  title     = {Proceedings of the Sixteenth International Joint Conference on Artificial
               Intelligence, {IJCAI} 99, Stockholm, Sweden, July 31 - August 6, 1999.
               2 Volumes, 1450 pages},
  publisher = {Morgan Kaufmann},
  year      = {1999},
  isbn      = {1-55860-613-0},
  timestamp = {Mon, 21 Jan 2013 14:27:01 +0100},
  biburl    = {http://dblp.uni-trier.de/rec/bib/conf/ijcai/99},
  bibsource = {dblp computer science bibliography, http://dblp.org}
}

@proceedings{DBLP:conf/nips/1999,
  editor    = {Sara A. Solla and
               Todd K. Leen and
               Klaus{-}Robert M{\"{u}}ller},
  title     = {Advances in Neural Information Processing Systems 12, {[NIPS} Conference,
               Denver, Colorado, USA, November 29 - December 4, 1999]},
  publisher = {The {MIT} Press},
  year      = {2000},
  url       = {http://papers.nips.cc/book/advances-in-neural-information-processing-systems-12-1999},
  isbn      = {0-262-19450-3},
  timestamp = {Thu, 11 Dec 2014 17:34:08 +0100},
  biburl    = {http://dblp.uni-trier.de/rec/bib/conf/nips/1999},
  bibsource = {dblp computer science bibliography, http://dblp.org}
}

@proceedings{DBLP:conf/aaai/1998,
  editor    = {Jack Mostow and
               Chuck Rich},
  title     = {Proceedings of the Fifteenth National Conference on Artificial Intelligence
               and Tenth Innovative Applications of Artificial Intelligence Conference,
               {AAAI} 98, {IAAI} 98, July 26-30, 1998, Madison, Wisconsin, {USA}},
  publisher = {{AAAI} Press / The {MIT} Press},
  year      = {1998},
  url       = {http://www.aaai.org/Conferences/AAAI/aaai98.php},
  isbn      = {0-262-51098-7},
  timestamp = {Thu, 01 Dec 2011 17:16:20 +0100},
  biburl    = {http://dblp.uni-trier.de/rec/bib/conf/aaai/1998},
  bibsource = {dblp computer science bibliography, http://dblp.org}
}

@proceedings{DBLP:conf/icml/1998,
  editor    = {Jude W. Shavlik},
  title     = {Proceedings of the Fifteenth International Conference on Machine Learning
               {(ICML} 1998), Madison, Wisconsin, USA, July 24-27, 1998},
  publisher = {Morgan Kaufmann},
  year      = {1998},
  isbn      = {1-55860-556-8},
  timestamp = {Thu, 30 Jun 2011 10:34:12 +0200},
  biburl    = {http://dblp.uni-trier.de/rec/bib/conf/icml/1998},
  bibsource = {dblp computer science bibliography, http://dblp.org}
}

@proceedings{DBLP:conf/icml/1997,
  editor    = {Douglas H. Fisher},
  title     = {Proceedings of the Fourteenth International Conference on Machine
               Learning {(ICML} 1997), Nashville, Tennessee, USA, July 8-12, 1997},
  publisher = {Morgan Kaufmann},
  year      = {1997},
  isbn      = {1-55860-486-3},
  timestamp = {Wed, 04 Dec 2002 12:34:29 +0100},
  biburl    = {http://dblp.uni-trier.de/rec/bib/conf/icml/1997},
  bibsource = {dblp computer science bibliography, http://dblp.org}
}

@proceedings{DBLP:conf/uai/1997,
  editor    = {Dan Geiger and
               Prakash P. Shenoy},
  title     = {{UAI} '97: Proceedings of the Thirteenth Conference on Uncertainty
               in Artificial Intelligence, Brown University, Providence, Rhode Island,
               USA, August 1-3, 1997},
  publisher = {Morgan Kaufmann},
  year      = {1997},
  isbn      = {1-55860-485-5},
  timestamp = {Thu, 15 Dec 2011 17:17:44 +0100},
  biburl    = {http://dblp.uni-trier.de/rec/bib/conf/uai/1997},
  bibsource = {dblp computer science bibliography, http://dblp.org}
}

@proceedings{DBLP:conf/colt/1995,
  editor    = {Wolfgang Maass},
  title     = {Proceedings of the Eigth Annual Conference on Computational Learning
               Theory, {COLT} 1995, Santa Cruz, California, USA, July 5-8, 1995},
  publisher = {{ACM}},
  year      = {1995},
  url       = {http://dl.acm.org/citation.cfm?id=225298},
  isbn      = {0-89791-723-5},
  timestamp = {Mon, 12 Dec 2011 15:03:15 +0100},
  biburl    = {http://dblp.uni-trier.de/rec/bib/conf/colt/1995},
  bibsource = {dblp computer science bibliography, http://dblp.org}
}

